{"BTC_USD":[{"trade_id":25966686,"type":"buy","quantity":"0.001","price":"7698.99","amount":"7.69899","date":1511006666},{"trade_id":25966685,"type":"buy","quantity":"0.001","price":"7698.99","amount":"7.69899","date":1511006662},{"trade_id":25966683,"type":"buy","quantity":"0.001","price":"7698.99","amount":"7.69899","date":1511006657},{"trade_id":25966682,"type":"buy","quantity":"0.001","price":"7698.99","amount":"7.69899","date":1511006653},{"trade_id":25966676,"type":"sell","quantity":"0.01241073","price":"7690","amount":"95.4385137","date":1511006644},{"trade_id":25966674,"type":"buy","quantity":"0.001","price":"7698.994211","amount":"7.69899421","date":1511006638},{"trade_id":25966670,"type":"buy","quantity":"0.00078598","price":"7699.97","amount":"6.05202242","date":1511006633},{"trade_id":25966669,"type":"buy","quantity":"0.00021402","price":"7699","amount":"1.64773998","date":1511006633},{"trade_id":25966663,"type":"buy","quantity":"0.001","price":"7699","amount":"7.699","date":1511006628},{"trade_id":25966661,"type":"buy","quantity":"0.07672809","price":"7699.97","amount":"590.80399115","date":1511006626},{"trade_id":25966660,"type":"buy","quantity":"0.00175213","price":"7699","amount":"13.48964887","date":1511006626},{"trade_id":25966659,"type":"buy","quantity":"0.22738546","price":"7699","amount":"1750.64065654","date":1511006626},{"trade_id":25966658,"type":"buy","quantity":"0.01497","price":"7699","amount":"115.25403","date":1511006626},{"trade_id":25966657,"type":"buy","quantity":"0.02595295","price":"7698.995678","amount":"199.81164988","date":1511006626},{"trade_id":25966655,"type":"buy","quantity":"0.001","price":"7698.995678","amount":"7.69899567","date":1511006624},{"trade_id":25966650,"type":"buy","quantity":"0.001","price":"7698.995678","amount":"7.69899567","date":1511006619},{"trade_id":25966635,"type":"buy","quantity":"0.001","price":"7698.995678","amount":"7.69899567","date":1511006605},{"trade_id":25966581,"type":"buy","quantity":"0.001","price":"7698.995678","amount":"7.69899567","date":1511006600},{"trade_id":25966576,"type":"buy","quantity":"0.001","price":"7698.995678","amount":"7.69899567","date":1511006596},{"trade_id":25966575,"type":"buy","quantity":"0.001","price":"7698.995678","amount":"7.69899567","date":1511006592},{"trade_id":25966574,"type":"buy","quantity":"0.001","price":"7698.995678","amount":"7.69899567","date":1511006592},{"trade_id":25966563,"type":"buy","quantity":"0.00098335","price":"7698.995678","amount":"7.57080739","date":1511006585},{"trade_id":25966562,"type":"buy","quantity":"0.00043491","price":"7697.11","amount":"3.34755011","date":1511006585},{"trade_id":25966561,"type":"buy","quantity":"0.001","price":"7697.11","amount":"7.69711","date":1511006585},{"trade_id":25966552,"type":"buy","quantity":"0.0025","price":"7697.11","amount":"19.242775","date":1511006574},{"trade_id":25966494,"type":"sell","quantity":"0.00203294","price":"7690.000001","amount":"15.6333086","date":1511006504},{"trade_id":25966493,"type":"buy","quantity":"0.00936849","price":"7697.11","amount":"72.11029806","date":1511006502},{"trade_id":25966492,"type":"buy","quantity":"0.00129346","price":"7692.28409453","amount":"9.94966178","date":1511006502},{"trade_id":25966488,"type":"buy","quantity":"2.5693","price":"7691.99","amount":"19763.029907","date":1511006494},{"trade_id":25966482,"type":"sell","quantity":"0.03852162","price":"7690.000001","amount":"296.23125783","date":1511006490},{"trade_id":25966476,"type":"sell","quantity":"0.00454678","price":"7690.000001","amount":"34.9647382","date":1511006488},{"trade_id":25966449,"type":"sell","quantity":"0.00499267","price":"7690.000001","amount":"38.3936323","date":1511006449},{"trade_id":25966437,"type":"buy","quantity":"0.00015172","price":"7692.28409453","amount":"1.16707334","date":1511006438},{"trade_id":25966436,"type":"buy","quantity":"0.00084828","price":"7692.28409453","amount":"6.52521075","date":1511006438},{"trade_id":25966433,"type":"buy","quantity":"0.001","price":"7692.28409453","amount":"7.69228409","date":1511006435},{"trade_id":25966428,"type":"buy","quantity":"0.00141148","price":"7692.28409453","amount":"10.85750515","date":1511006431},{"trade_id":25966414,"type":"sell","quantity":"0.0038805","price":"7690","amount":"29.841045","date":1511006419},{"trade_id":25966377,"type":"sell","quantity":"0.00351718","price":"7685.000001","amount":"27.0295283","date":1511006402},{"trade_id":25966376,"type":"sell","quantity":"0.01499485","price":"7688","amount":"115.2804068","date":1511006402},{"trade_id":25966375,"type":"buy","quantity":"0.02796976","price":"7687.9988776","amount":"215.03148348","date":1511006389},{"trade_id":25966356,"type":"sell","quantity":"0.0011","price":"7685.000001","amount":"8.4535","date":1511006367},{"trade_id":25966348,"type":"buy","quantity":"0.011","price":"7687.9988776","amount":"84.56798765","date":1511006340},{"trade_id":25966339,"type":"sell","quantity":"0.001","price":"7685.000001","amount":"7.685","date":1511006312},{"trade_id":25966330,"type":"sell","quantity":"0.02495","price":"7685.000001","amount":"191.74075002","date":1511006286},{"trade_id":25966320,"type":"sell","quantity":"0.0027231","price":"7685.000001","amount":"20.9270235","date":1511006275},{"trade_id":25966301,"type":"sell","quantity":"0.001","price":"7685.000001","amount":"7.685","date":1511006267},{"trade_id":25966279,"type":"sell","quantity":"0.0011","price":"7683","amount":"8.4513","date":1511006246},{"trade_id":25966268,"type":"sell","quantity":"0.0011","price":"7685","amount":"8.4535","date":1511006238},{"trade_id":25966265,"type":"buy","quantity":"0.08499655","price":"7685","amount":"653.19848675","date":1511006235},{"trade_id":25966263,"type":"sell","quantity":"0.00731457","price":"7684.97","amount":"56.21225101","date":1511006226},{"trade_id":25966258,"type":"sell","quantity":"0.00731575","price":"7684.97","amount":"56.22131927","date":1511006225},{"trade_id":25966256,"type":"sell","quantity":"0.03853893","price":"7684.97","amount":"296.17052088","date":1511006225},{"trade_id":25966236,"type":"buy","quantity":"0.00500345","price":"7685","amount":"38.45151325","date":1511006199},{"trade_id":25966235,"type":"buy","quantity":"0.09499655","price":"7684.97","amount":"730.04563685","date":1511006199},{"trade_id":25966222,"type":"sell","quantity":"0.0011","price":"7680","amount":"8.448","date":1511006184},{"trade_id":25966192,"type":"sell","quantity":"0.00224827","price":"7665.000001","amount":"17.23298955","date":1511006160},{"trade_id":25966190,"type":"buy","quantity":"0.00377032","price":"7684.97","amount":"28.97479609","date":1511006154},{"trade_id":25966189,"type":"buy","quantity":"0.01220209","price":"7680","amount":"93.7120512","date":1511006154},{"trade_id":25966188,"type":"buy","quantity":"0.0015","price":"7679.9","amount":"11.51985","date":1511006154},{"trade_id":25966165,"type":"buy","quantity":"0.00485077","price":"7680","amount":"37.2539136","date":1511006105},{"trade_id":25966079,"type":"sell","quantity":"0.001","price":"7650","amount":"7.65","date":1511006062},{"trade_id":25966020,"type":"sell","quantity":"0.01412612","price":"7649","amount":"108.05069188","date":1511006024},{"trade_id":25966019,"type":"sell","quantity":"0.00573279","price":"7649","amount":"43.85011071","date":1511006024},{"trade_id":25965964,"type":"sell","quantity":"0.01709849","price":"7649","amount":"130.78635001","date":1511005948},{"trade_id":25965963,"type":"sell","quantity":"0.00477459","price":"7649","amount":"36.52083891","date":1511005947},{"trade_id":25965960,"type":"sell","quantity":"0.0011","price":"7649","amount":"8.4139","date":1511005939},{"trade_id":25965956,"type":"sell","quantity":"0.0001","price":"7649","amount":"0.7649","date":1511005933},{"trade_id":25965955,"type":"sell","quantity":"0.001","price":"7649","amount":"7.649","date":1511005933},{"trade_id":25965909,"type":"buy","quantity":"2.277","price":"7674.32","amount":"17474.42664","date":1511005867},{"trade_id":25965900,"type":"buy","quantity":"0.01231222","price":"7650","amount":"94.188483","date":1511005852},{"trade_id":25965884,"type":"sell","quantity":"0.00991148","price":"7650","amount":"75.822822","date":1511005822},{"trade_id":25965883,"type":"sell","quantity":"0.01","price":"7650","amount":"76.5","date":1511005822},{"trade_id":25965882,"type":"sell","quantity":"0.00989439","price":"7650","amount":"75.6920835","date":1511005822},{"trade_id":25965866,"type":"buy","quantity":"0.06650677","price":"7684.97","amount":"511.10253224","date":1511005780},{"trade_id":25965865,"type":"buy","quantity":"0.0328669","price":"7684.961809","amount":"252.58087128","date":1511005780},{"trade_id":25965864,"type":"buy","quantity":"0.04944632","price":"7684","amount":"379.94552288","date":1511005780},{"trade_id":25965863,"type":"buy","quantity":"0.02134544","price":"7684","amount":"164.01836096","date":1511005780},{"trade_id":25965862,"type":"buy","quantity":"0.03194943","price":"7683.99","amount":"245.49910062","date":1511005780},{"trade_id":25965861,"type":"buy","quantity":"0.00908422","price":"7683.99","amount":"69.80305563","date":1511005780},{"trade_id":25965860,"type":"buy","quantity":"0.00182855","price":"7683.9699","amount":"14.05052316","date":1511005780},{"trade_id":25965852,"type":"sell","quantity":"0.025","price":"7680","amount":"192","date":1511005733},{"trade_id":25965851,"type":"sell","quantity":"0.00010561","price":"7650","amount":"0.8079165","date":1511005729},{"trade_id":25965850,"type":"sell","quantity":"0.004025","price":"7650","amount":"30.79125","date":1511005729},{"trade_id":25965849,"type":"sell","quantity":"0.01708703","price":"7650","amount":"130.7157795","date":1511005729},{"trade_id":25965848,"type":"sell","quantity":"0.19831191","price":"7650","amount":"1517.0861115","date":1511005729},{"trade_id":25965847,"type":"sell","quantity":"0.0409511","price":"7650.00617302","amount":"313.27616779","date":1511005729},{"trade_id":25965846,"type":"sell","quantity":"0.03201345","price":"7650.02","amount":"244.90353276","date":1511005729},{"trade_id":25965845,"type":"sell","quantity":"0.00910242","price":"7650.02","amount":"69.63369504","date":1511005729},{"trade_id":25965844,"type":"sell","quantity":"0.00204435","price":"7651","amount":"15.64132185","date":1511005729},{"trade_id":25965843,"type":"sell","quantity":"0.02522098","price":"7651","amount":"192.96571798","date":1511005729},{"trade_id":25965842,"type":"sell","quantity":"0.01","price":"7651.01","amount":"76.5101","date":1511005729},{"trade_id":25965841,"type":"sell","quantity":"0.01088146","price":"7651.01001","amount":"83.25415938","date":1511005729},{"trade_id":25965822,"type":"buy","quantity":"0.00208034","price":"7683.9699","amount":"15.98526994","date":1511005691},{"trade_id":25965766,"type":"sell","quantity":"0.04954541","price":"7655","amount":"379.27011355","date":1511005620},{"trade_id":25965765,"type":"sell","quantity":"0.0012","price":"7655","amount":"9.186","date":1511005620},{"trade_id":25965764,"type":"sell","quantity":"0.00809737","price":"7660","amount":"62.0258542","date":1511005620},{"trade_id":25965757,"type":"buy","quantity":"0.06392863","price":"7684.97","amount":"491.28960369","date":1511005609},{"trade_id":25965754,"type":"buy","quantity":"0.01444377","price":"7684.97","amount":"110.99993913","date":1511005598},{"trade_id":25965692,"type":"buy","quantity":"0.001","price":"7684.968336","amount":"7.68496833","date":1511005576},{"trade_id":25965676,"type":"sell","quantity":"0.04226643","price":"7655.1","amount":"323.55374829","date":1511005557}],"BTC_EUR":[{"trade_id":25966678,"type":"buy","quantity":"0.001","price":"6739.99999998","amount":"6.73999999","date":1511006647},{"trade_id":25966459,"type":"sell","quantity":"0.81067","price":"6705.87","amount":"5436.2476329","date":1511006468},{"trade_id":25966417,"type":"buy","quantity":"0.001","price":"6739.99999998","amount":"6.73999999","date":1511006422},{"trade_id":25966334,"type":"buy","quantity":"0.73976","price":"6723.51","amount":"4973.7837576","date":1511006299},{"trade_id":25966324,"type":"buy","quantity":"0.0027231","price":"6739.99999999","amount":"18.35369399","date":1511006277},{"trade_id":25966311,"type":"buy","quantity":"0.00219678","price":"6728.07173246","amount":"14.78009342","date":1511006273},{"trade_id":25966303,"type":"buy","quantity":"0.001","price":"6728.07173246","amount":"6.72807173","date":1511006269},{"trade_id":25966216,"type":"buy","quantity":"0.00564918","price":"6704.60561281","amount":"37.87552393","date":1511006179},{"trade_id":25966215,"type":"buy","quantity":"0.00198828","price":"6704.60561281","amount":"13.33063324","date":1511006179},{"trade_id":25966170,"type":"buy","quantity":"0.02078026","price":"6690","amount":"139.0199394","date":1511006116},{"trade_id":25966145,"type":"buy","quantity":"0.001","price":"6690","amount":"6.69","date":1511006087},{"trade_id":25966102,"type":"buy","quantity":"0.001","price":"6690","amount":"6.69","date":1511006079},{"trade_id":25966089,"type":"buy","quantity":"0.001","price":"6690","amount":"6.69","date":1511006071},{"trade_id":25966085,"type":"buy","quantity":"0.00114756","price":"6690","amount":"7.6771764","date":1511006066},{"trade_id":25966084,"type":"buy","quantity":"0.001","price":"6690","amount":"6.69","date":1511006064},{"trade_id":25966080,"type":"buy","quantity":"0.00305782","price":"6690","amount":"20.4568158","date":1511006062},{"trade_id":25965859,"type":"buy","quantity":"0.8","price":"6685.1","amount":"5348.08","date":1511005764},{"trade_id":25965750,"type":"buy","quantity":"0.0011","price":"6690","amount":"7.359","date":1511005596},{"trade_id":25965749,"type":"buy","quantity":"0.0011","price":"6690","amount":"7.359","date":1511005595},{"trade_id":25965654,"type":"buy","quantity":"0.001","price":"6690","amount":"6.69","date":1511005526},{"trade_id":25965580,"type":"sell","quantity":"0.61859","price":"6664.2","amount":"4122.407478","date":1511005469},{"trade_id":25965570,"type":"buy","quantity":"0.001","price":"6690","amount":"6.69","date":1511005448},{"trade_id":25965555,"type":"buy","quantity":"0.001","price":"6690","amount":"6.69","date":1511005431},{"trade_id":25965544,"type":"buy","quantity":"0.001","price":"6690","amount":"6.69","date":1511005424},{"trade_id":25965517,"type":"buy","quantity":"0.001","price":"6690","amount":"6.69","date":1511005404},{"trade_id":25965470,"type":"buy","quantity":"0.001","price":"6690","amount":"6.69","date":1511005384},{"trade_id":25965427,"type":"buy","quantity":"0.001","price":"6690","amount":"6.69","date":1511005308},{"trade_id":25965422,"type":"buy","quantity":"0.001","price":"6690","amount":"6.69","date":1511005301},{"trade_id":25965412,"type":"buy","quantity":"0.001","price":"6690","amount":"6.69","date":1511005294},{"trade_id":25965344,"type":"buy","quantity":"0.001","price":"6690","amount":"6.69","date":1511005262},{"trade_id":25965332,"type":"buy","quantity":"0.0011","price":"6690","amount":"7.359","date":1511005258},{"trade_id":25965214,"type":"buy","quantity":"0.7424","price":"6682.52","amount":"4961.102848","date":1511005070},{"trade_id":25964960,"type":"buy","quantity":"0.0001183","price":"6681.22133813","amount":"0.79038848","date":1511004887},{"trade_id":25964952,"type":"buy","quantity":"0.001","price":"6681.22133813","amount":"6.68122133","date":1511004883},{"trade_id":25964912,"type":"buy","quantity":"0.001","price":"6681.22133813","amount":"6.68122133","date":1511004832},{"trade_id":25964906,"type":"buy","quantity":"0.00009404","price":"6681.22133813","amount":"0.62830205","date":1511004830},{"trade_id":25964905,"type":"buy","quantity":"0.00090596","price":"6670","amount":"6.0427532","date":1511004830},{"trade_id":25964885,"type":"buy","quantity":"0.001","price":"6670","amount":"6.67","date":1511004817},{"trade_id":25964820,"type":"buy","quantity":"0.001","price":"6670","amount":"6.67","date":1511004717},{"trade_id":25964742,"type":"sell","quantity":"0.8056","price":"6649.71","amount":"5357.006376","date":1511004573},{"trade_id":25964735,"type":"buy","quantity":"0.00908362","price":"6670","amount":"60.5877454","date":1511004571},{"trade_id":25964725,"type":"buy","quantity":"0.01828916","price":"6670","amount":"121.9886972","date":1511004568},{"trade_id":25964588,"type":"buy","quantity":"0.562","price":"6666.41","amount":"3746.52242","date":1511004246},{"trade_id":25964180,"type":"buy","quantity":"0.64","price":"6660.05","amount":"4262.432","date":1511003679},{"trade_id":25964033,"type":"sell","quantity":"0.571","price":"6648.51","amount":"3796.29921","date":1511003448},{"trade_id":25963983,"type":"buy","quantity":"0.0015","price":"6655","amount":"9.9825","date":1511003332},{"trade_id":25963889,"type":"sell","quantity":"0.0215","price":"6645","amount":"142.8675","date":1511003132},{"trade_id":25963844,"type":"buy","quantity":"0.143","price":"6670","amount":"953.81","date":1511003027},{"trade_id":25963800,"type":"buy","quantity":"0.64902","price":"6666.55","amount":"4326.724281","date":1511002935},{"trade_id":25963656,"type":"buy","quantity":"0.6852","price":"6658.48","amount":"4562.390496","date":1511002680},{"trade_id":25963433,"type":"sell","quantity":"0.7","price":"6648.5","amount":"4653.95","date":1511002185},{"trade_id":25963330,"type":"buy","quantity":"0.001","price":"6669.99999999","amount":"6.66999999","date":1511002071},{"trade_id":25963239,"type":"sell","quantity":"0.001","price":"6631.000001","amount":"6.631","date":1511001923},{"trade_id":25963133,"type":"sell","quantity":"0.59","price":"6643.17","amount":"3919.4703","date":1511001800},{"trade_id":25962852,"type":"sell","quantity":"0.717","price":"6649","amount":"4767.333","date":1511001515},{"trade_id":25962494,"type":"buy","quantity":"0.0026187","price":"6631","amount":"17.3645997","date":1511001034},{"trade_id":25962493,"type":"buy","quantity":"0.0011","price":"6631","amount":"7.2941","date":1511001031},{"trade_id":25962485,"type":"buy","quantity":"0.001","price":"6631","amount":"6.631","date":1511001024},{"trade_id":25962476,"type":"buy","quantity":"0.0011","price":"6631","amount":"7.2941","date":1511001017},{"trade_id":25962461,"type":"buy","quantity":"0.001","price":"6631","amount":"6.631","date":1511001011},{"trade_id":25962460,"type":"buy","quantity":"0.0011","price":"6631","amount":"7.2941","date":1511001011},{"trade_id":25962442,"type":"buy","quantity":"0.001","price":"6631","amount":"6.631","date":1511001002},{"trade_id":25962439,"type":"buy","quantity":"0.001","price":"6631","amount":"6.631","date":1511000999},{"trade_id":25962432,"type":"buy","quantity":"0.00531286","price":"6631","amount":"35.22957466","date":1511000994},{"trade_id":25962207,"type":"buy","quantity":"0.61","price":"6657.1","amount":"4060.831","date":1511000765},{"trade_id":25962034,"type":"sell","quantity":"0.5","price":"6637.5","amount":"3318.75","date":1511000476},{"trade_id":25961799,"type":"buy","quantity":"0.00365094","price":"6680","amount":"24.3882792","date":1511000029},{"trade_id":25961798,"type":"buy","quantity":"0.00411957","price":"6680","amount":"27.5187276","date":1511000029},{"trade_id":25961710,"type":"sell","quantity":"0.56352","price":"6668.92","amount":"3758.0697984","date":1510999881},{"trade_id":25961231,"type":"sell","quantity":"0.001","price":"6663","amount":"6.663","date":1510999461},{"trade_id":25961224,"type":"buy","quantity":"0.4997","price":"6672.44","amount":"3334.218268","date":1510999440},{"trade_id":25960661,"type":"sell","quantity":"0.52","price":"6646.9","amount":"3456.388","date":1510998735},{"trade_id":25960194,"type":"buy","quantity":"0.5382","price":"6658.41","amount":"3583.556262","date":1510998280},{"trade_id":25959948,"type":"sell","quantity":"0.49146","price":"6652","amount":"3269.19192","date":1510997878},{"trade_id":25959660,"type":"buy","quantity":"0.001","price":"6681.22133813","amount":"6.68122133","date":1510997512},{"trade_id":25959617,"type":"buy","quantity":"0.533","price":"6665.51","amount":"3552.71683","date":1510997377},{"trade_id":25959551,"type":"buy","quantity":"0.00042797","price":"6644.66239227","amount":"2.84371616","date":1510997250},{"trade_id":25959547,"type":"sell","quantity":"0.00067203","price":"6644.66903693","amount":"4.46541693","date":1510997247},{"trade_id":25959541,"type":"sell","quantity":"0.0011","price":"6644.66903693","amount":"7.30913594","date":1510997242},{"trade_id":25959539,"type":"sell","quantity":"0.54546","price":"6660.65","amount":"3633.118149","date":1510997240},{"trade_id":25959532,"type":"sell","quantity":"0.0011","price":"6644.66903693","amount":"7.30913594","date":1510997234},{"trade_id":25959523,"type":"sell","quantity":"0.00035678","price":"6644.66903693","amount":"2.37068501","date":1510997226},{"trade_id":25959522,"type":"sell","quantity":"0.00074322","price":"6650","amount":"4.942413","date":1510997226},{"trade_id":25959403,"type":"sell","quantity":"0.001","price":"6650","amount":"6.65","date":1510997102},{"trade_id":25959398,"type":"sell","quantity":"0.00114624","price":"6650","amount":"7.622496","date":1510997098},{"trade_id":25959392,"type":"sell","quantity":"0.00123834","price":"6650","amount":"8.234961","date":1510997094},{"trade_id":25959200,"type":"buy","quantity":"0.04484304","price":"6690","amount":"299.9999376","date":1510996918},{"trade_id":25959158,"type":"sell","quantity":"0.00309584","price":"6650","amount":"20.587336","date":1510996701},{"trade_id":25959152,"type":"sell","quantity":"0.00309584","price":"6650","amount":"20.587336","date":1510996697},{"trade_id":25959031,"type":"sell","quantity":"0.0011","price":"6650","amount":"7.315","date":1510996501},{"trade_id":25959017,"type":"sell","quantity":"0.00142093","price":"6650","amount":"9.4491845","date":1510996486},{"trade_id":25959011,"type":"sell","quantity":"0.00174191","price":"6650","amount":"11.5837015","date":1510996483},{"trade_id":25959005,"type":"sell","quantity":"0.0011","price":"6650","amount":"7.315","date":1510996478},{"trade_id":25959000,"type":"sell","quantity":"0.5965","price":"6664.63","amount":"3975.451795","date":1510996476},{"trade_id":25958997,"type":"sell","quantity":"0.0011","price":"6650","amount":"7.315","date":1510996475},{"trade_id":25958988,"type":"sell","quantity":"0.0018566","price":"6650","amount":"12.34639","date":1510996467},{"trade_id":25958985,"type":"sell","quantity":"0.00186621","price":"6650","amount":"12.4102965","date":1510996465},{"trade_id":25958972,"type":"sell","quantity":"0.00112772","price":"6650","amount":"7.499338","date":1510996459},{"trade_id":25958969,"type":"sell","quantity":"0.00161799","price":"6650","amount":"10.7596335","date":1510996455},{"trade_id":25958964,"type":"sell","quantity":"0.00160645","price":"6650","amount":"10.6828925","date":1510996451}],"BTC_RUB":[{"trade_id":25966644,"type":"sell","quantity":"0.0011","price":"435500","amount":"479.05","date":1511006614},{"trade_id":25966545,"type":"sell","quantity":"0.01002731","price":"435500","amount":"4366.893505","date":1511006564},{"trade_id":25966536,"type":"sell","quantity":"0.0011","price":"435500","amount":"479.05","date":1511006547},{"trade_id":25966529,"type":"buy","quantity":"0.00215955","price":"435737","amount":"940.99583835","date":1511006545},{"trade_id":25966504,"type":"buy","quantity":"0.00255429","price":"435737","amount":"1112.99866173","date":1511006531},{"trade_id":25966491,"type":"buy","quantity":"0.00000322","price":"435737","amount":"1.40307314","date":1511006497},{"trade_id":25966490,"type":"buy","quantity":"0.0025","price":"435700","amount":"1089.25","date":1511006497},{"trade_id":25966489,"type":"buy","quantity":"0.00828517","price":"435639","amount":"3609.34317363","date":1511006497},{"trade_id":25966487,"type":"buy","quantity":"0.001","price":"435639","amount":"435.639","date":1511006493},{"trade_id":25966484,"type":"sell","quantity":"0.011","price":"435500","amount":"4790.5","date":1511006490},{"trade_id":25966435,"type":"sell","quantity":"0.001","price":"435500","amount":"435.5","date":1511006437},{"trade_id":25966431,"type":"sell","quantity":"0.001","price":"435500","amount":"435.5","date":1511006434},{"trade_id":25966427,"type":"sell","quantity":"0.00141148","price":"435500","amount":"614.69954","date":1511006430},{"trade_id":25966424,"type":"sell","quantity":"0.035","price":"435500","amount":"15242.5","date":1511006428},{"trade_id":25966420,"type":"sell","quantity":"0.001","price":"435500","amount":"435.5","date":1511006423},{"trade_id":25966418,"type":"sell","quantity":"0.011","price":"435500","amount":"4790.5","date":1511006422},{"trade_id":25966411,"type":"sell","quantity":"0.01662303","price":"435500","amount":"7239.329565","date":1511006416},{"trade_id":25966410,"type":"sell","quantity":"0.01661012","price":"435500","amount":"7233.70726","date":1511006415},{"trade_id":25966403,"type":"sell","quantity":"0.00326003","price":"435500","amount":"1419.743065","date":1511006411},{"trade_id":25966395,"type":"sell","quantity":"0.03","price":"435500","amount":"13065","date":1511006410},{"trade_id":25966390,"type":"sell","quantity":"0.03","price":"435500","amount":"13065","date":1511006409},{"trade_id":25966388,"type":"sell","quantity":"0.001","price":"435500","amount":"435.5","date":1511006408},{"trade_id":25966373,"type":"buy","quantity":"0.00040539","price":"435639","amount":"176.60369421","date":1511006384},{"trade_id":25966372,"type":"buy","quantity":"0.00499","price":"435550","amount":"2173.3945","date":1511006384},{"trade_id":25966371,"type":"buy","quantity":"0.1","price":"435500","amount":"43550","date":1511006382},{"trade_id":25966370,"type":"buy","quantity":"0.00614607","price":"435500","amount":"2676.613485","date":1511006382},{"trade_id":25966369,"type":"buy","quantity":"0.14935659","price":"435499.9999","amount":"65044.79493006","date":1511006382},{"trade_id":25966368,"type":"buy","quantity":"0.00202689","price":"435489.999","amount":"882.69032407","date":1511006382},{"trade_id":25966354,"type":"sell","quantity":"3","price":"434688","amount":"1304064","date":1511006356},{"trade_id":25966347,"type":"buy","quantity":"0.00178495","price":"435499.9999","amount":"777.34572482","date":1511006340},{"trade_id":25966346,"type":"buy","quantity":"0.00234823","price":"435499.9998","amount":"1022.65416453","date":1511006340},{"trade_id":25966287,"type":"sell","quantity":"0.02127279","price":"434000","amount":"9232.39086","date":1511006250},{"trade_id":25966286,"type":"sell","quantity":"0.00235293","price":"434000.0001","amount":"1021.17162023","date":1511006250},{"trade_id":25966259,"type":"buy","quantity":"0.13017163","price":"434000","amount":"56494.48742","date":1511006225},{"trade_id":25966252,"type":"buy","quantity":"0.00731457","price":"434000","amount":"3174.52338","date":1511006224},{"trade_id":25966251,"type":"buy","quantity":"0.04235344","price":"434000","amount":"18381.39296","date":1511006222},{"trade_id":25966248,"type":"sell","quantity":"0.002","price":"434000","amount":"868","date":1511006218},{"trade_id":25966247,"type":"sell","quantity":"0.00530358","price":"434000","amount":"2301.75372","date":1511006218},{"trade_id":25966246,"type":"buy","quantity":"0.00006888","price":"435500","amount":"29.99724","date":1511006216},{"trade_id":25966226,"type":"sell","quantity":"0.00999197","price":"434000","amount":"4336.51498","date":1511006191},{"trade_id":25966220,"type":"sell","quantity":"0.01317124","price":"434000","amount":"5716.31816","date":1511006182},{"trade_id":25966191,"type":"buy","quantity":"0.00216073","price":"435500","amount":"940.997915","date":1511006160},{"trade_id":25966178,"type":"sell","quantity":"3.026","price":"434220","amount":"1313949.72","date":1511006136},{"trade_id":25966147,"type":"sell","quantity":"0.001","price":"434000","amount":"434","date":1511006088},{"trade_id":25966103,"type":"sell","quantity":"0.001","price":"434000","amount":"434","date":1511006080},{"trade_id":25966095,"type":"sell","quantity":"0.001","price":"434000","amount":"434","date":1511006072},{"trade_id":25965971,"type":"sell","quantity":"0.00116852","price":"434000","amount":"507.13768","date":1511005967},{"trade_id":25965966,"type":"buy","quantity":"0.00028699","price":"435555","amount":"124.99992945","date":1511005951},{"trade_id":25965953,"type":"sell","quantity":"0.001","price":"434000","amount":"434","date":1511005927},{"trade_id":25965941,"type":"sell","quantity":"0.00100088","price":"434000","amount":"434.38192","date":1511005906},{"trade_id":25965898,"type":"buy","quantity":"2.7","price":"435192","amount":"1175018.4","date":1511005842},{"trade_id":25965820,"type":"sell","quantity":"0.00256672","price":"433900.01","amount":"1113.69983366","date":1511005673},{"trade_id":25965818,"type":"sell","quantity":"0.00233408","price":"433900.01","amount":"1012.75733534","date":1511005666},{"trade_id":25965817,"type":"sell","quantity":"0.00812737","price":"433900.99","amount":"3526.47388909","date":1511005666},{"trade_id":25965806,"type":"sell","quantity":"0.00322271","price":"433900.99","amount":"1398.33705948","date":1511005647},{"trade_id":25965778,"type":"buy","quantity":"0.00032943","price":"435639","amount":"143.51255577","date":1511005635},{"trade_id":25965777,"type":"buy","quantity":"0.00216472","price":"435611.61899","amount":"942.97718386","date":1511005635},{"trade_id":25965776,"type":"buy","quantity":"0.00003292","price":"435611.6189","amount":"14.34033449","date":1511005635},{"trade_id":25965762,"type":"sell","quantity":"0.01588142","price":"433900.99","amount":"6890.9638606","date":1511005619},{"trade_id":25965742,"type":"buy","quantity":"0.002316","price":"435611.6189","amount":"1008.87650937","date":1511005593},{"trade_id":25965741,"type":"buy","quantity":"0.01696723","price":"435611.61","amount":"7391.12237754","date":1511005593},{"trade_id":25965707,"type":"sell","quantity":"0.00112237","price":"433800","amount":"486.884106","date":1511005579},{"trade_id":25965704,"type":"sell","quantity":"0.00110712","price":"433800","amount":"480.268656","date":1511005579},{"trade_id":25965683,"type":"sell","quantity":"0.00376601","price":"433800","amount":"1633.695138","date":1511005572},{"trade_id":25965666,"type":"sell","quantity":"0.00321981","price":"433800","amount":"1396.753578","date":1511005544},{"trade_id":25965568,"type":"sell","quantity":"0.00839747","price":"433100","amount":"3636.944257","date":1511005446},{"trade_id":25965567,"type":"sell","quantity":"0.00322721","price":"433356.18405","amount":"1398.53141072","date":1511005446},{"trade_id":25965566,"type":"sell","quantity":"0.0025","price":"433701","amount":"1084.2525","date":1511005446},{"trade_id":25965562,"type":"sell","quantity":"0.00162295","price":"433701.0010101","amount":"703.87503958","date":1511005441},{"trade_id":25965527,"type":"sell","quantity":"2.3","price":"434210","amount":"998683","date":1511005412},{"trade_id":25965438,"type":"sell","quantity":"0.00288104","price":"433700.0010101","amount":"1249.50705091","date":1511005341},{"trade_id":25965432,"type":"buy","quantity":"0.00008416","price":"435615.6329296","amount":"36.66141166","date":1511005320},{"trade_id":25965393,"type":"buy","quantity":"0.011","price":"435617.6139397","amount":"4791.79375333","date":1511005277},{"trade_id":25965315,"type":"buy","quantity":"0.0025","price":"435000","amount":"1087.5","date":1511005253},{"trade_id":25965310,"type":"sell","quantity":"0.0046","price":"433700","amount":"1995.02","date":1511005251},{"trade_id":25965308,"type":"sell","quantity":"0.011","price":"433700","amount":"4770.7","date":1511005249},{"trade_id":25965304,"type":"sell","quantity":"0.011","price":"433700","amount":"4770.7","date":1511005243},{"trade_id":25965300,"type":"sell","quantity":"0.00183","price":"433700","amount":"793.671","date":1511005237},{"trade_id":25965299,"type":"sell","quantity":"0.00917","price":"434000","amount":"3979.78","date":1511005237},{"trade_id":25965295,"type":"sell","quantity":"0.011","price":"434000","amount":"4774","date":1511005228},{"trade_id":25965254,"type":"sell","quantity":"0.00089075","price":"433700","amount":"386.318275","date":1511005122},{"trade_id":25965253,"type":"sell","quantity":"0.00105931","price":"433700.01","amount":"459.42275759","date":1511005122},{"trade_id":25965250,"type":"buy","quantity":"0.00013084","price":"435623.58","amount":"56.9969892","date":1511005110},{"trade_id":25965143,"type":"sell","quantity":"0.00311006","price":"433700","amount":"1348.833022","date":1511005008},{"trade_id":25965133,"type":"sell","quantity":"0.0051257","price":"433700","amount":"2223.01609","date":1511004996},{"trade_id":25965132,"type":"sell","quantity":"0.0058743","price":"433700.0010101","amount":"2547.68391593","date":1511004996},{"trade_id":25965072,"type":"sell","quantity":"0.00127733","price":"433700","amount":"553.978021","date":1511004970},{"trade_id":25964957,"type":"buy","quantity":"3.152","price":"435220","amount":"1371813.44","date":1511004886},{"trade_id":25964883,"type":"buy","quantity":"0.00432014","price":"435633.5869697","amount":"1881.99808441","date":1511004816},{"trade_id":25964867,"type":"sell","quantity":"0.00155474","price":"433356.1850601","amount":"673.75619516","date":1511004787},{"trade_id":25964864,"type":"sell","quantity":"0.00254534","price":"433356.1850601","amount":"1103.03883208","date":1511004772},{"trade_id":25964824,"type":"sell","quantity":"0.01752088","price":"433356.1850601","amount":"7592.78171569","date":1511004720},{"trade_id":25964805,"type":"buy","quantity":"0.00100225","price":"435638.5689899","amount":"436.61875577","date":1511004704},{"trade_id":25964796,"type":"sell","quantity":"0.00253437","price":"433356.1850601","amount":"1098.28491473","date":1511004686},{"trade_id":25964795,"type":"sell","quantity":"0.000991","price":"434000","amount":"430.094","date":1511004686},{"trade_id":25964770,"type":"sell","quantity":"0.002009","price":"434000","amount":"871.906","date":1511004665},{"trade_id":25964761,"type":"buy","quantity":"0.00001001","price":"435638.58","amount":"4.36074218","date":1511004622},{"trade_id":25964760,"type":"buy","quantity":"0.00307958","price":"435111","amount":"1339.95913338","date":1511004622},{"trade_id":25964675,"type":"buy","quantity":"3.0141","price":"434780","amount":"1310470.398","date":1511004491},{"trade_id":25964655,"type":"buy","quantity":"0.00102042","price":"435111","amount":"443.99596662","date":1511004444}],"BTC_UAH":[{"trade_id":25966572,"type":"sell","quantity":"0.001","price":"197000","amount":"197","date":1511006591},{"trade_id":25966571,"type":"sell","quantity":"0.001","price":"197000","amount":"197","date":1511006591},{"trade_id":25966560,"type":"sell","quantity":"0.00122725","price":"197000","amount":"241.76825","date":1511006584},{"trade_id":25966559,"type":"sell","quantity":"0.00019101","price":"197000.0001","amount":"37.62897001","date":1511006584},{"trade_id":25966558,"type":"sell","quantity":"0.001","price":"197000.0001","amount":"197.0000001","date":1511006584},{"trade_id":25966387,"type":"sell","quantity":"0.012","price":"197001","amount":"2364.012","date":1511006408},{"trade_id":25966335,"type":"sell","quantity":"0.02","price":"197000","amount":"3940","date":1511006306},{"trade_id":25966293,"type":"sell","quantity":"0.01554605","price":"197000","amount":"3062.57185","date":1511006258},{"trade_id":25966292,"type":"sell","quantity":"0.00342795","price":"197000.001","amount":"675.30615342","date":1511006258},{"trade_id":25965965,"type":"buy","quantity":"0.089","price":"197690","amount":"17594.41","date":1511005950},{"trade_id":25965930,"type":"sell","quantity":"0.006","price":"197000.02606573","amount":"1182.00015639","date":1511005872},{"trade_id":25965894,"type":"sell","quantity":"0.00899118","price":"197000","amount":"1771.26246","date":1511005825},{"trade_id":25965893,"type":"sell","quantity":"0.0066775","price":"197000","amount":"1315.4675","date":1511005825},{"trade_id":25965892,"type":"sell","quantity":"0.00453276","price":"197010","amount":"892.9990476","date":1511005825},{"trade_id":25965891,"type":"sell","quantity":"0.00123915","price":"197040.038804","amount":"244.16216408","date":1511005825},{"trade_id":25965890,"type":"sell","quantity":"0.03677","price":"197100","amount":"7247.367","date":1511005825},{"trade_id":25965889,"type":"sell","quantity":"0.01","price":"197100","amount":"1971","date":1511005825},{"trade_id":25965888,"type":"sell","quantity":"0.04810563","price":"197199.007","amount":"9486.3824671","date":1511005825},{"trade_id":25965887,"type":"sell","quantity":"0.09173284","price":"197199.007","amount":"18089.62495728","date":1511005825},{"trade_id":25965886,"type":"sell","quantity":"0.0013395","price":"197199.017","amount":"264.14808327","date":1511005825},{"trade_id":25965885,"type":"sell","quantity":"0.00321144","price":"197729.67894","amount":"634.99700013","date":1511005825},{"trade_id":25965640,"type":"buy","quantity":"0.00062153","price":"198817.389215","amount":"123.57097191","date":1511005512},{"trade_id":25965639,"type":"buy","quantity":"0.00322066","price":"198817.389214","amount":"640.32321274","date":1511005512},{"trade_id":25965638,"type":"buy","quantity":"0.0026","price":"198817.389","amount":"516.9252114","date":1511005512},{"trade_id":25965637,"type":"buy","quantity":"0.00340387","price":"198790.9998","amount":"676.65872048","date":1511005512},{"trade_id":25965636,"type":"buy","quantity":"0.00004787","price":"198790.99979957","amount":"9.51612516","date":1511005512},{"trade_id":25965635,"type":"buy","quantity":"0.00218322","price":"198790.99979847","amount":"434.00448658","date":1511005512},{"trade_id":25965575,"type":"sell","quantity":"0.00218759","price":"197199.15571659","amount":"431.39090105","date":1511005457},{"trade_id":25965452,"type":"buy","quantity":"0.09758","price":"198499","amount":"19369.53242","date":1511005363},{"trade_id":25965449,"type":"buy","quantity":"0.04049873","price":"198790.99979957","amount":"8050.78302731","date":1511005350},{"trade_id":25965448,"type":"buy","quantity":"0.00133134","price":"198790.9","amount":"264.6582768","date":1511005350},{"trade_id":25965447,"type":"buy","quantity":"0.02230161","price":"198790.8999996","amount":"4433.35712334","date":1511005350},{"trade_id":25965437,"type":"sell","quantity":"0.001221","price":"197199.007","amount":"240.77998754","date":1511005334},{"trade_id":25965302,"type":"buy","quantity":"0.077553","price":"198126","amount":"15365.265678","date":1511005239},{"trade_id":25965204,"type":"sell","quantity":"0.00214761","price":"197199.007","amount":"423.50655942","date":1511005065},{"trade_id":25965180,"type":"sell","quantity":"0.04173132","price":"197199.007","amount":"8229.37486479","date":1511005050},{"trade_id":25965179,"type":"sell","quantity":"0.00156886","price":"197200.00001001","amount":"309.37919201","date":1511005050},{"trade_id":25965178,"type":"sell","quantity":"0.05669982","price":"197230","amount":"11182.9054986","date":1511005050},{"trade_id":25964835,"type":"sell","quantity":"0.07068039","price":"197230","amount":"13940.2933197","date":1511004731},{"trade_id":25964834,"type":"sell","quantity":"0.00110594","price":"197300","amount":"218.201962","date":1511004731},{"trade_id":25964833,"type":"sell","quantity":"0.01182802","price":"197300","amount":"2333.668346","date":1511004731},{"trade_id":25964832,"type":"sell","quantity":"0.01638565","price":"197300.1","amount":"3232.89038356","date":1511004731},{"trade_id":25964769,"type":"buy","quantity":"0.09","price":"198353","amount":"17851.77","date":1511004659},{"trade_id":25964687,"type":"sell","quantity":"0.00214801","price":"197300.1","amount":"423.8025878","date":1511004532},{"trade_id":25964523,"type":"sell","quantity":"0.00322536","price":"197300","amount":"636.363528","date":1511004106},{"trade_id":25964519,"type":"sell","quantity":"0.00292371","price":"197300","amount":"576.847983","date":1511004103},{"trade_id":25964414,"type":"sell","quantity":"0.01520671","price":"197300","amount":"3000.283883","date":1511003939},{"trade_id":25964378,"type":"sell","quantity":"0.0106","price":"197300","amount":"2091.38","date":1511003902},{"trade_id":25964218,"type":"sell","quantity":"0.03379913","price":"197300","amount":"6668.568349","date":1511003728},{"trade_id":25964168,"type":"buy","quantity":"0.07748","price":"198270","amount":"15361.9596","date":1511003670},{"trade_id":25964125,"type":"buy","quantity":"0.09895","price":"198492","amount":"19640.7834","date":1511003577},{"trade_id":25963855,"type":"buy","quantity":"0.01679531","price":"198779","amount":"3338.55492649","date":1511003045},{"trade_id":25963854,"type":"buy","quantity":"0.0011","price":"198763.99","amount":"218.640389","date":1511003045},{"trade_id":25963853,"type":"buy","quantity":"0.02074889","price":"198700","amount":"4122.804443","date":1511003045},{"trade_id":25963821,"type":"sell","quantity":"0.00101368","price":"197300","amount":"199.999064","date":1511002985},{"trade_id":25963732,"type":"sell","quantity":"0.00997672","price":"197300","amount":"1968.406856","date":1511002844},{"trade_id":25963731,"type":"sell","quantity":"0.04002328","price":"197301","amount":"7896.63316728","date":1511002844},{"trade_id":25963703,"type":"sell","quantity":"0.105","price":"197840","amount":"20773.2","date":1511002762},{"trade_id":25963599,"type":"buy","quantity":"0.00553347","price":"198790","amount":"1099.9985013","date":1511002513},{"trade_id":25963503,"type":"sell","quantity":"0.01700226","price":"197305","amount":"3354.6309093","date":1511002353},{"trade_id":25963379,"type":"sell","quantity":"0.07883","price":"197690","amount":"15583.9027","date":1511002107},{"trade_id":25963279,"type":"sell","quantity":"0.00732628","price":"197300","amount":"1445.475044","date":1511001990},{"trade_id":25963278,"type":"sell","quantity":"0.00297372","price":"197800.000007","amount":"588.20181602","date":1511001990},{"trade_id":25963160,"type":"sell","quantity":"0.00106943","price":"197300","amount":"210.998539","date":1511001849},{"trade_id":25963057,"type":"sell","quantity":"0.00034469","price":"197300","amount":"68.007337","date":1511001742},{"trade_id":25963056,"type":"sell","quantity":"0.00223019","price":"197300","amount":"440.016487","date":1511001742},{"trade_id":25962959,"type":"buy","quantity":"0.09475","price":"198094","amount":"18769.4065","date":1511001695},{"trade_id":25962906,"type":"sell","quantity":"0.03892315","price":"197300.1","amount":"7679.54138731","date":1511001655},{"trade_id":25962905,"type":"sell","quantity":"0.00115324","price":"197303","amount":"227.53771172","date":1511001655},{"trade_id":25962904,"type":"sell","quantity":"0.00291656","price":"197729.67894","amount":"576.6904724","date":1511001655},{"trade_id":25962903,"type":"sell","quantity":"0.002423","price":"197800","amount":"479.2694","date":1511001655},{"trade_id":25962902,"type":"sell","quantity":"0.001334","price":"197800.007","amount":"263.86520933","date":1511001655},{"trade_id":25962901,"type":"sell","quantity":"0.00104291","price":"197801.1","amount":"206.2887452","date":1511001655},{"trade_id":25962900,"type":"sell","quantity":"0.00220714","price":"197802","amount":"436.57670628","date":1511001655},{"trade_id":25962401,"type":"sell","quantity":"0.0915","price":"197971","amount":"18114.3465","date":1511000960},{"trade_id":25961956,"type":"buy","quantity":"0.02420569","price":"199100","amount":"4819.352879","date":1511000353},{"trade_id":25961955,"type":"buy","quantity":"0.00918688","price":"199099","amount":"1829.09862112","date":1511000353},{"trade_id":25961954,"type":"buy","quantity":"0.077697","price":"198850","amount":"15450.04845","date":1511000352},{"trade_id":25961867,"type":"buy","quantity":"0.00868958","price":"199100","amount":"1730.095378","date":1511000125},{"trade_id":25961866,"type":"buy","quantity":"0.00095387","price":"199087","amount":"189.90311669","date":1511000125},{"trade_id":25961864,"type":"buy","quantity":"0.00723301","price":"199087","amount":"1439.99826187","date":1511000113},{"trade_id":25961861,"type":"buy","quantity":"0.086","price":"198660","amount":"17084.76","date":1511000104},{"trade_id":25961755,"type":"sell","quantity":"0.00236777","price":"197801.1","amount":"468.34751054","date":1510999954},{"trade_id":25961754,"type":"sell","quantity":"0.00294888","price":"197802","amount":"583.29436176","date":1510999954},{"trade_id":25961753,"type":"sell","quantity":"0.00249823","price":"197815.1","amount":"494.18761727","date":1510999954},{"trade_id":25961752,"type":"sell","quantity":"0.00482172","price":"197825","amount":"953.856759","date":1510999954},{"trade_id":25961751,"type":"sell","quantity":"0.00336516","price":"197825","amount":"665.712777","date":1510999954},{"trade_id":25961750,"type":"sell","quantity":"0.01048896","price":"197825.11884878","amount":"2074.9797586","date":1510999954},{"trade_id":25961709,"type":"sell","quantity":"0.005","price":"197815.12338625","amount":"989.07561693","date":1510999881},{"trade_id":25961707,"type":"buy","quantity":"0.00482172","price":"199099","amount":"959.99963028","date":1510999877},{"trade_id":25961699,"type":"buy","quantity":"0.00336516","price":"199099","amount":"669.99999084","date":1510999834},{"trade_id":25961223,"type":"buy","quantity":"0.072675","price":"198840","amount":"14450.697","date":1510999438},{"trade_id":25961221,"type":"buy","quantity":"0.02819","price":"199100","amount":"5612.629","date":1510999422},{"trade_id":25961162,"type":"buy","quantity":"0.00482223","price":"199099","amount":"960.10117077","date":1510999278},{"trade_id":25961053,"type":"sell","quantity":"0.00482223","price":"199097.99899997","amount":"960.09634371","date":1510999045},{"trade_id":25960838,"type":"sell","quantity":"0.00206667","price":"199097.99899997","amount":"411.46986159","date":1510998926},{"trade_id":25960788,"type":"sell","quantity":"0.0011","price":"199097.99899997","amount":"219.00779889","date":1510998872},{"trade_id":25960750,"type":"buy","quantity":"0.0973","price":"199099","amount":"19372.3327","date":1510998832},{"trade_id":25960685,"type":"sell","quantity":"0.001","price":"199097.99899997","amount":"199.09799899","date":1510998760},{"trade_id":25960587,"type":"sell","quantity":"0.00119407","price":"199097.99899997","amount":"237.73694766","date":1510998720}],"DASH_BTC":[{"trade_id":25966501,"type":"sell","quantity":"0.32663816","price":"0.05789191","amount":"0.0189097","date":1511006515},{"trade_id":25966500,"type":"sell","quantity":"0.1","price":"0.058","amount":"0.0058","date":1511006515},{"trade_id":25966499,"type":"sell","quantity":"0.05533652","price":"0.05809453","amount":"0.00321474","date":1511006515},{"trade_id":25966498,"type":"sell","quantity":"0.05311916","price":"0.0581","amount":"0.00308622","date":1511006515},{"trade_id":25966496,"type":"sell","quantity":"0.0210354","price":"0.0581","amount":"0.00122215","date":1511006510},{"trade_id":25966342,"type":"buy","quantity":"0.001","price":"0.05857996","amount":"0.00005857","date":1511006325},{"trade_id":25965989,"type":"sell","quantity":"3.85","price":"0.058302","amount":"0.2244627","date":1511005984},{"trade_id":25965840,"type":"buy","quantity":"0.01729844","price":"0.0584141","amount":"0.00101047","date":1511005726},{"trade_id":25965745,"type":"buy","quantity":"0.01876704","price":"0.0584141","amount":"0.00109625","date":1511005594},{"trade_id":25965744,"type":"buy","quantity":"0.01889805","price":"0.0584141","amount":"0.00110391","date":1511005594},{"trade_id":25965598,"type":"buy","quantity":"0.19204262","price":"0.05837","amount":"0.01120952","date":1511005502},{"trade_id":25965589,"type":"buy","quantity":"0.01890522","price":"0.05837","amount":"0.00110349","date":1511005492},{"trade_id":25965582,"type":"buy","quantity":"0.18905216","price":"0.05837","amount":"0.01103497","date":1511005484},{"trade_id":25965579,"type":"sell","quantity":"0.9446588","price":"0.05800001","amount":"0.05479021","date":1511005467},{"trade_id":25965578,"type":"sell","quantity":"0.0553412","price":"0.05809453","amount":"0.00321502","date":1511005467},{"trade_id":25965441,"type":"buy","quantity":"0.1885587","price":"0.05858","amount":"0.01104576","date":1511005344},{"trade_id":25965416,"type":"buy","quantity":"3.8","price":"0.0584644","amount":"0.22216472","date":1511005297},{"trade_id":25965330,"type":"buy","quantity":"0.12851816","price":"0.05828786","amount":"0.00749104","date":1511005257},{"trade_id":25965329,"type":"buy","quantity":"0.01870595","price":"0.05828786","amount":"0.00109032","date":1511005257},{"trade_id":25965320,"type":"buy","quantity":"0.12424717","price":"0.05828786","amount":"0.0072421","date":1511005255},{"trade_id":25965318,"type":"buy","quantity":"0.05532562","price":"0.05828786","amount":"0.00322481","date":1511005255},{"trade_id":25965317,"type":"buy","quantity":"0.02022728","price":"0.05828786","amount":"0.001179","date":1511005255},{"trade_id":25965314,"type":"buy","quantity":"0.04289057","price":"0.05828786","amount":"0.00249999","date":1511005253},{"trade_id":25965313,"type":"sell","quantity":"0.05513304","price":"0.05829786","amount":"0.00321413","date":1511005253},{"trade_id":25965312,"type":"sell","quantity":"0.05495221","price":"0.0585019","amount":"0.0032148","date":1511005253},{"trade_id":25965311,"type":"sell","quantity":"0.5","price":"0.0586","amount":"0.0293","date":1511005253},{"trade_id":25965124,"type":"buy","quantity":"0.00114515","price":"0.05867","amount":"0.00006718","date":1511004991},{"trade_id":25965096,"type":"sell","quantity":"3.814","price":"0.0585489","amount":"0.2233055","date":1511004985},{"trade_id":25965055,"type":"buy","quantity":"0.1876996","price":"0.05870666","amount":"0.01101921","date":1511004961},{"trade_id":25965039,"type":"buy","quantity":"0.24128305","price":"0.05870666","amount":"0.01416492","date":1511004954},{"trade_id":25965034,"type":"buy","quantity":"0.24128305","price":"0.05870666","amount":"0.01416492","date":1511004952},{"trade_id":25965020,"type":"buy","quantity":"0.18695415","price":"0.05870666","amount":"0.01097545","date":1511004923},{"trade_id":25964990,"type":"sell","quantity":"0.05477201","price":"0.05870666","amount":"0.00321548","date":1511004904},{"trade_id":25964989,"type":"sell","quantity":"0.00214493","price":"0.05880768","amount":"0.00012613","date":1511004904},{"trade_id":25964857,"type":"buy","quantity":"0.01869513","price":"0.05886999","amount":"0.00110058","date":1511004763},{"trade_id":25964848,"type":"buy","quantity":"0.01869513","price":"0.05887","amount":"0.00110058","date":1511004756},{"trade_id":25964838,"type":"sell","quantity":"0.08053163","price":"0.05891213","amount":"0.00474428","date":1511004735},{"trade_id":25964837,"type":"sell","quantity":"0.00208712","price":"0.05891213","amount":"0.00012295","date":1511004735},{"trade_id":25964652,"type":"buy","quantity":"4.642","price":"0.05915","amount":"0.2745743","date":1511004442},{"trade_id":25964565,"type":"sell","quantity":"0.05250496","price":"0.05891213","amount":"0.00309317","date":1511004192},{"trade_id":25964480,"type":"buy","quantity":"1.37923752","price":"0.05937788","amount":"0.08189619","date":1511004029},{"trade_id":25964224,"type":"sell","quantity":"3.4576","price":"0.05912","amount":"0.20441331","date":1511003736},{"trade_id":25964045,"type":"sell","quantity":"0.03585561","price":"0.05911832","amount":"0.00211972","date":1511003489},{"trade_id":25964022,"type":"sell","quantity":"0.01856106","price":"0.05911832","amount":"0.00109729","date":1511003399},{"trade_id":25964008,"type":"sell","quantity":"0.08435154","price":"0.05915","amount":"0.00498939","date":1511003378},{"trade_id":25963939,"type":"buy","quantity":"4.78","price":"0.05931","amount":"0.2835018","date":1511003234},{"trade_id":25963925,"type":"sell","quantity":"0.27094978","price":"0.05915","amount":"0.01602667","date":1511003201},{"trade_id":25963924,"type":"sell","quantity":"1.72905022","price":"0.059151","amount":"0.10227504","date":1511003201},{"trade_id":25963896,"type":"sell","quantity":"0.00899673","price":"0.05915","amount":"0.00053215","date":1511003152},{"trade_id":25963733,"type":"sell","quantity":"3.2712","price":"0.059244","amount":"0.19379897","date":1511002845},{"trade_id":25963678,"type":"buy","quantity":"0.80446417","price":"0.05959","amount":"0.04793801","date":1511002720},{"trade_id":25963677,"type":"buy","quantity":"0.75615808","price":"0.05959","amount":"0.04505945","date":1511002720},{"trade_id":25963676,"type":"buy","quantity":"1.767","price":"0.05958999","amount":"0.10529551","date":1511002720},{"trade_id":25963675,"type":"buy","quantity":"0.05428737","price":"0.05944353","amount":"0.00322703","date":1511002720},{"trade_id":25963674,"type":"buy","quantity":"1.4567","price":"0.05944347","amount":"0.0865913","date":1511002720},{"trade_id":25963673,"type":"buy","quantity":"0.2","price":"0.05944346","amount":"0.01188869","date":1511002720},{"trade_id":25963642,"type":"buy","quantity":"0.93279969","price":"0.05944348","amount":"0.05544885","date":1511002635},{"trade_id":25963641,"type":"buy","quantity":"0.05442182","price":"0.0592362","amount":"0.00322374","date":1511002635},{"trade_id":25963577,"type":"buy","quantity":"0.37291095","price":"0.05944352","amount":"0.02216713","date":1511002448},{"trade_id":25963576,"type":"buy","quantity":"0.05435202","price":"0.0592362","amount":"0.0032196","date":1511002448},{"trade_id":25963575,"type":"buy","quantity":"0.05441652","price":"0.0590296","amount":"0.00321218","date":1511002448},{"trade_id":25963574,"type":"buy","quantity":"0.05448667","price":"0.05882372","amount":"0.0032051","date":1511002448},{"trade_id":25963498,"type":"sell","quantity":"1.19545152","price":"0.05821319","amount":"0.06959104","date":1511002337},{"trade_id":25963497,"type":"sell","quantity":"0.05516095","price":"0.05829786","amount":"0.00321576","date":1511002337},{"trade_id":25963496,"type":"sell","quantity":"0.05498022","price":"0.0585019","amount":"0.00321644","date":1511002337},{"trade_id":25963495,"type":"sell","quantity":"0.05480549","price":"0.05870666","amount":"0.00321744","date":1511002337},{"trade_id":25963494,"type":"sell","quantity":"0.079","price":"0.05870667","amount":"0.00463782","date":1511002337},{"trade_id":25963493,"type":"sell","quantity":"0.05461295","price":"0.05891213","amount":"0.00321736","date":1511002337},{"trade_id":25963472,"type":"sell","quantity":"3","price":"0.05891214","amount":"0.17673642","date":1511002250},{"trade_id":25963469,"type":"sell","quantity":"0.05443804","price":"0.05911832","amount":"0.00321828","date":1511002240},{"trade_id":25963468,"type":"sell","quantity":"0.01051945","price":"0.05932524","amount":"0.00062406","date":1511002240},{"trade_id":25963269,"type":"buy","quantity":"3.748","price":"0.0596021","amount":"0.22338867","date":1511001973},{"trade_id":25963232,"type":"sell","quantity":"0.01845861","price":"0.05932524","amount":"0.00109506","date":1511001917},{"trade_id":25963186,"type":"sell","quantity":"0.01845861","price":"0.05932524","amount":"0.00109506","date":1511001878},{"trade_id":25963176,"type":"sell","quantity":"0.0068261","price":"0.05932524","amount":"0.00040496","date":1511001871},{"trade_id":25963175,"type":"sell","quantity":"0.01160548","price":"0.0595","amount":"0.00069052","date":1511001871},{"trade_id":25963107,"type":"sell","quantity":"0.01847015","price":"0.0595","amount":"0.00109897","date":1511001780},{"trade_id":25963093,"type":"sell","quantity":"0.05996696","price":"0.0596111","amount":"0.00357469","date":1511001767},{"trade_id":25963083,"type":"sell","quantity":"0.02157875","price":"0.0596111","amount":"0.00128633","date":1511001763},{"trade_id":25963072,"type":"sell","quantity":"0.01852976","price":"0.0595","amount":"0.00110252","date":1511001750},{"trade_id":25963039,"type":"sell","quantity":"0.03645405","price":"0.0595","amount":"0.00216901","date":1511001732},{"trade_id":25963037,"type":"sell","quantity":"0.03645405","price":"0.0595","amount":"0.00216901","date":1511001731},{"trade_id":25963004,"type":"sell","quantity":"0.01843158","price":"0.0595","amount":"0.00109667","date":1511001712},{"trade_id":25962972,"type":"sell","quantity":"0.01843158","price":"0.0595","amount":"0.00109667","date":1511001701},{"trade_id":25962955,"type":"sell","quantity":"0.01843158","price":"0.0595","amount":"0.00109667","date":1511001694},{"trade_id":25962877,"type":"sell","quantity":"4.311","price":"0.059423","amount":"0.25617255","date":1511001605},{"trade_id":25962770,"type":"buy","quantity":"0.12334241","price":"0.05986035","amount":"0.00738331","date":1511001426},{"trade_id":25962736,"type":"buy","quantity":"0.97792111","price":"0.05986035","amount":"0.05853869","date":1511001403},{"trade_id":25962735,"type":"buy","quantity":"0.01","price":"0.0598","amount":"0.000598","date":1511001403},{"trade_id":25962734,"type":"buy","quantity":"0.00166974","price":"0.05976961","amount":"0.00009979","date":1511001403},{"trade_id":25962733,"type":"buy","quantity":"0.05449278","price":"0.05965158","amount":"0.00325058","date":1511001403},{"trade_id":25962732,"type":"buy","quantity":"0.00101","price":"0.05954495","amount":"0.00006014","date":1511001403},{"trade_id":25962723,"type":"buy","quantity":"0.05438383","price":"0.05944353","amount":"0.00323276","date":1511001399},{"trade_id":25962706,"type":"buy","quantity":"0.05450267","price":"0.0592362","amount":"0.00322853","date":1511001383},{"trade_id":25962678,"type":"buy","quantity":"0.05433492","price":"0.0590296","amount":"0.00320736","date":1511001370},{"trade_id":25962673,"type":"buy","quantity":"0.05457943","price":"0.05882372","amount":"0.00321056","date":1511001360},{"trade_id":25962648,"type":"buy","quantity":"0.05503289","price":"0.05861855","amount":"0.00322594","date":1511001330},{"trade_id":25962621,"type":"buy","quantity":"3.906","price":"0.058482","amount":"0.22843069","date":1511001257},{"trade_id":25962506,"type":"buy","quantity":"0.00278347","price":"0.0584141","amount":"0.00016259","date":1511001060},{"trade_id":25962397,"type":"buy","quantity":"0.01891562","price":"0.0584141","amount":"0.00110493","date":1511000954}],"DASH_USD":[{"trade_id":25966547,"type":"buy","quantity":"0.01984451","price":"451.15","amount":"8.95285068","date":1511006566},{"trade_id":25966546,"type":"buy","quantity":"0.00000001","price":"450.2399276","amount":"0.0000045","date":1511006566},{"trade_id":25966458,"type":"sell","quantity":"0.16027356","price":"449.7","amount":"72.07501993","date":1511006466},{"trade_id":25966241,"type":"buy","quantity":"0.00477219","price":"450.2399276","amount":"2.14863048","date":1511006204},{"trade_id":25966240,"type":"buy","quantity":"0.05497395","price":"450.01410962","amount":"24.73905316","date":1511006204},{"trade_id":25966239,"type":"buy","quantity":"0.07934303","price":"449.29","amount":"35.64802994","date":1511006204},{"trade_id":25966238,"type":"buy","quantity":"0.00397344","price":"449.28","amount":"1.78518712","date":1511006204},{"trade_id":25966107,"type":"sell","quantity":"0.04536755","price":"447.01","amount":"20.27974852","date":1511006081},{"trade_id":25966106,"type":"sell","quantity":"0.05502348","price":"447.55212693","amount":"24.6258755","date":1511006081},{"trade_id":25966105,"type":"sell","quantity":"0.00478176","price":"447.5546","amount":"2.14009868","date":1511006081},{"trade_id":25966104,"type":"sell","quantity":"0.09851999","price":"447.5546","amount":"44.09307471","date":1511006081},{"trade_id":25966035,"type":"sell","quantity":"2.456","price":"448.1","amount":"1100.5336","date":1511006038},{"trade_id":25965967,"type":"sell","quantity":"0.0257484","price":"447.5546","amount":"11.52381486","date":1511005955},{"trade_id":25965587,"type":"sell","quantity":"0.08903518","price":"448","amount":"39.88776064","date":1511005487},{"trade_id":25965586,"type":"sell","quantity":"0.05001698","price":"448.012345","amount":"22.40822449","date":1511005487},{"trade_id":25965585,"type":"sell","quantity":"0.05","price":"448.012346","amount":"22.4006173","date":1511005487},{"trade_id":25965430,"type":"sell","quantity":"3.3","price":"448.41","amount":"1479.753","date":1511005313},{"trade_id":25965409,"type":"buy","quantity":"0.02675604","price":"449","amount":"12.01346196","date":1511005290},{"trade_id":25965328,"type":"sell","quantity":"0.00296844","price":"449","amount":"1.33282956","date":1511005256},{"trade_id":25965327,"type":"sell","quantity":"0.09427419","price":"449","amount":"42.32911131","date":1511005256},{"trade_id":25965326,"type":"sell","quantity":"0.02018683","price":"449","amount":"9.06388667","date":1511005256},{"trade_id":25965325,"type":"sell","quantity":"0.00679781","price":"449.11855937","amount":"3.05302263","date":1511005256},{"trade_id":25965324,"type":"sell","quantity":"0.00668554","price":"449.11855937","amount":"3.00260009","date":1511005256},{"trade_id":25965323,"type":"sell","quantity":"0.02165544","price":"449.11855937","amount":"9.72586001","date":1511005256},{"trade_id":25965321,"type":"sell","quantity":"0.02018683","price":"449.11855937","amount":"9.06628","date":1511005256},{"trade_id":25965297,"type":"buy","quantity":"0.05333334","price":"449.999899","amount":"23.99999761","date":1511005232},{"trade_id":25965292,"type":"buy","quantity":"2.747","price":"449.75","amount":"1235.46325","date":1511005224},{"trade_id":25965284,"type":"sell","quantity":"0.013","price":"449.11855937","amount":"5.83854127","date":1511005208},{"trade_id":25965262,"type":"buy","quantity":"0.26989951","price":"449.999999","amount":"121.45477923","date":1511005143},{"trade_id":25965261,"type":"buy","quantity":"0.4","price":"449.685","amount":"179.874","date":1511005143},{"trade_id":25965116,"type":"buy","quantity":"0.04151341","price":"449.999999","amount":"18.68103445","date":1511004989},{"trade_id":25965106,"type":"buy","quantity":"0.09249771","price":"449.99","amount":"41.62304452","date":1511004987},{"trade_id":25964964,"type":"buy","quantity":"0.0036568","price":"450","amount":"1.64556","date":1511004888},{"trade_id":25964942,"type":"buy","quantity":"0.00114383","price":"450","amount":"0.5147235","date":1511004874},{"trade_id":25964938,"type":"buy","quantity":"0.00163405","price":"450","amount":"0.7353225","date":1511004867},{"trade_id":25964933,"type":"buy","quantity":"0.00233435","price":"450","amount":"1.0504575","date":1511004860},{"trade_id":25964930,"type":"sell","quantity":"0.01","price":"450","amount":"4.5","date":1511004855},{"trade_id":25964929,"type":"sell","quantity":"0.01727605","price":"450.69047433","amount":"7.78615116","date":1511004855},{"trade_id":25964858,"type":"sell","quantity":"0.01869513","price":"450.69047433","amount":"8.425717","date":1511004764},{"trade_id":25964849,"type":"sell","quantity":"0.01869513","price":"450.69047433","amount":"8.425717","date":1511004757},{"trade_id":25964841,"type":"buy","quantity":"0.01392942","price":"451","amount":"6.28216842","date":1511004739},{"trade_id":25964830,"type":"sell","quantity":"0.09268307","price":"451.01","amount":"41.8009914","date":1511004728},{"trade_id":25964829,"type":"sell","quantity":"0.01688556","price":"451.17960002","amount":"7.6184202","date":1511004728},{"trade_id":25964828,"type":"sell","quantity":"0.5878756","price":"451.5","amount":"265.4258334","date":1511004728},{"trade_id":25964757,"type":"buy","quantity":"3.395","price":"452.2","amount":"1535.219","date":1511004605},{"trade_id":25964744,"type":"buy","quantity":"0.5","price":"451.4","amount":"225.7","date":1511004593},{"trade_id":25964500,"type":"buy","quantity":"2.4198","price":"453.463","amount":"1097.2897674","date":1511004063},{"trade_id":25964094,"type":"sell","quantity":"0.03534424","price":"451.17960001","amount":"15.94660006","date":1511003509},{"trade_id":25964093,"type":"sell","quantity":"0.0039814","price":"451.19","amount":"1.79636786","date":1511003509},{"trade_id":25964086,"type":"buy","quantity":"0.5","price":"454.739999","amount":"227.3699995","date":1511003498},{"trade_id":25964040,"type":"buy","quantity":"0.00397792","price":"452.49","amount":"1.79996902","date":1511003471},{"trade_id":25964024,"type":"buy","quantity":"0.00441275","price":"452.26789099","amount":"1.99574513","date":1511003405},{"trade_id":25964023,"type":"buy","quantity":"0.01856106","price":"452.26789099","amount":"8.39457146","date":1511003400},{"trade_id":25964015,"type":"sell","quantity":"0.05449035","price":"452.26789099","amount":"24.64423567","date":1511003394},{"trade_id":25964014,"type":"sell","quantity":"0.00398589","price":"452.28","amount":"1.80273832","date":1511003394},{"trade_id":25964013,"type":"sell","quantity":"0.00330796","price":"453.45100475","amount":"1.49999778","date":1511003394},{"trade_id":25964012,"type":"sell","quantity":"0.02064896","price":"453.54518068","amount":"9.36523629","date":1511003394},{"trade_id":25964011,"type":"sell","quantity":"0.00805107","price":"453.85082861","amount":"3.65398479","date":1511003394},{"trade_id":25963980,"type":"buy","quantity":"0.05580198","price":"455.989999","amount":"25.4451448","date":1511003313},{"trade_id":25963979,"type":"buy","quantity":"0.01158227","price":"455.5","amount":"5.27572398","date":1511003313},{"trade_id":25963978,"type":"buy","quantity":"0.01530864","price":"455.48","amount":"6.97277934","date":1511003313},{"trade_id":25963977,"type":"buy","quantity":"0.00397078","price":"454.91","amount":"1.80634752","date":1511003313},{"trade_id":25963932,"type":"buy","quantity":"2.48","price":"454.8","amount":"1127.904","date":1511003217},{"trade_id":25963666,"type":"buy","quantity":"3.1722","price":"454.59","amount":"1442.050398","date":1511002710},{"trade_id":25963663,"type":"buy","quantity":"0.00240935","price":"454.93","amount":"1.09608559","date":1511002703},{"trade_id":25963561,"type":"sell","quantity":"0.04626661","price":"453.85082861","amount":"20.99813928","date":1511002412},{"trade_id":25963558,"type":"sell","quantity":"0.00814991","price":"454","amount":"3.70005914","date":1511002410},{"trade_id":25963458,"type":"buy","quantity":"0.06021098","price":"455.599999","amount":"27.43212242","date":1511002217},{"trade_id":25963457,"type":"buy","quantity":"0.0919352","price":"455.59","amount":"41.88475776","date":1511002217},{"trade_id":25963446,"type":"sell","quantity":"0.00922004","price":"454","amount":"4.18589816","date":1511002194},{"trade_id":25963339,"type":"sell","quantity":"0.02420289","price":"454.31","amount":"10.99561495","date":1511002085},{"trade_id":25963338,"type":"sell","quantity":"0.01","price":"455","amount":"4.55","date":1511002085},{"trade_id":25963337,"type":"sell","quantity":"0.04488667","price":"455","amount":"20.42343485","date":1511002085},{"trade_id":25963268,"type":"sell","quantity":"0.0011","price":"455","amount":"0.5005","date":1511001973},{"trade_id":25963246,"type":"sell","quantity":"0.04850259","price":"455","amount":"22.06867845","date":1511001933},{"trade_id":25963243,"type":"sell","quantity":"0.00551074","price":"455","amount":"2.5073867","date":1511001926},{"trade_id":25963227,"type":"sell","quantity":"0.00305093","price":"454.3","amount":"1.38603749","date":1511001909},{"trade_id":25963220,"type":"sell","quantity":"3.4","price":"455.52","amount":"1548.768","date":1511001905},{"trade_id":25963219,"type":"sell","quantity":"0.00213565","price":"454.3","amount":"0.97022579","date":1511001902},{"trade_id":25963214,"type":"sell","quantity":"0.00305093","price":"454.3","amount":"1.38603749","date":1511001895},{"trade_id":25963205,"type":"sell","quantity":"0.00206777","price":"454.3","amount":"0.93938791","date":1511001888},{"trade_id":25963204,"type":"sell","quantity":"0.00207283","price":"454.3","amount":"0.94168666","date":1511001888},{"trade_id":25963185,"type":"sell","quantity":"0.00296119","price":"454.3","amount":"1.34526861","date":1511001874},{"trade_id":25963165,"type":"sell","quantity":"0.00397873","price":"454.01","amount":"1.8063832","date":1511001856},{"trade_id":25963145,"type":"buy","quantity":"0.52418971","price":"457.91","amount":"240.0317101","date":1511001810},{"trade_id":25963144,"type":"buy","quantity":"0.00395275","price":"457.91","amount":"1.81000375","date":1511001810},{"trade_id":25963143,"type":"buy","quantity":"0.00220193","price":"457.90999999","amount":"1.00828576","date":1511001810},{"trade_id":25963136,"type":"sell","quantity":"0.05373005","price":"454","amount":"24.3934427","date":1511001807},{"trade_id":25963135,"type":"sell","quantity":"0.01736995","price":"454.00000001","amount":"7.8859573","date":1511001807},{"trade_id":25963134,"type":"sell","quantity":"0.00240453","price":"454.00000001","amount":"1.09165662","date":1511001805},{"trade_id":25963111,"type":"sell","quantity":"0.00220634","price":"454.00000001","amount":"1.00167836","date":1511001783},{"trade_id":25963076,"type":"sell","quantity":"0.00396067","price":"454.01","amount":"1.79818378","date":1511001754},{"trade_id":25963051,"type":"buy","quantity":"3.49","price":"455.59","amount":"1590.0091","date":1511001739},{"trade_id":25963045,"type":"buy","quantity":"0.03645405","price":"457","amount":"16.65950085","date":1511001734},{"trade_id":25963044,"type":"buy","quantity":"0.03251132","price":"457","amount":"14.85767324","date":1511001733},{"trade_id":25963043,"type":"buy","quantity":"0.00394273","price":"456.99","amount":"1.80178818","date":1511001733},{"trade_id":25963032,"type":"sell","quantity":"0.0161","price":"455.18","amount":"7.328398","date":1511001726},{"trade_id":25963002,"type":"sell","quantity":"0.00279273","price":"455.18","amount":"1.27119484","date":1511001712},{"trade_id":25962944,"type":"sell","quantity":"0.00115789","price":"455.18","amount":"0.52704837","date":1511001680},{"trade_id":25962887,"type":"sell","quantity":"0.00152373","price":"455.5","amount":"0.69405901","date":1511001644}],"DASH_RUB":[{"trade_id":25966578,"type":"sell","quantity":"0.00182866","price":"25334.1750026","amount":"46.32759246","date":1511006596},{"trade_id":25966577,"type":"sell","quantity":"0.05513199","price":"25334.1750026","amount":"1396.7234829","date":1511006596},{"trade_id":25966167,"type":"sell","quantity":"0.952","price":"25427.3","amount":"24206.7896","date":1511006110},{"trade_id":25965872,"type":"sell","quantity":"0.00124132","price":"25385.78109013","amount":"31.51187778","date":1511005793},{"trade_id":25965871,"type":"sell","quantity":"0.01233491","price":"25385.78109013","amount":"313.13132502","date":1511005793},{"trade_id":25965738,"type":"sell","quantity":"0.01889805","price":"25385.78109013","amount":"479.74176033","date":1511005593},{"trade_id":25965736,"type":"sell","quantity":"0.01876704","price":"25385.78109013","amount":"476.41596914","date":1511005591},{"trade_id":25965660,"type":"sell","quantity":"0.64","price":"25469","amount":"16300.16","date":1511005539},{"trade_id":25965594,"type":"sell","quantity":"0.00190461","price":"25411.36409393","amount":"48.39873816","date":1511005494},{"trade_id":25965591,"type":"sell","quantity":"0.01890522","price":"25411.36409393","amount":"480.40742869","date":1511005493},{"trade_id":25965491,"type":"sell","quantity":"0.00215207","price":"25411.36409393","amount":"54.68703432","date":1511005396},{"trade_id":25965444,"type":"sell","quantity":"0.17516416","price":"25411.36409393","amount":"4451.16024596","date":1511005345},{"trade_id":25965443,"type":"sell","quantity":"0.00133062","price":"25422.8446151","amount":"33.8281455","date":1511005345},{"trade_id":25965442,"type":"sell","quantity":"0.01206392","price":"25422.8446151","amount":"306.6991636","date":1511005345},{"trade_id":25965316,"type":"sell","quantity":"0.04289057","price":"25422.8446151","amount":"1090.40029656","date":1511005253},{"trade_id":25965282,"type":"sell","quantity":"0.65","price":"25520.6","amount":"16588.39","date":1511005191},{"trade_id":25965118,"type":"sell","quantity":"0.04151341","price":"25500","amount":"1058.591955","date":1511004989},{"trade_id":25965108,"type":"sell","quantity":"0.09249771","price":"25500","amount":"2358.691605","date":1511004987},{"trade_id":25965057,"type":"sell","quantity":"0.1876996","price":"25500","amount":"4786.3398","date":1511004962},{"trade_id":25965040,"type":"sell","quantity":"0.24128305","price":"25500","amount":"6152.717775","date":1511004955},{"trade_id":25965035,"type":"sell","quantity":"0.24128305","price":"25500","amount":"6152.717775","date":1511004953},{"trade_id":25965021,"type":"sell","quantity":"0.18695415","price":"25500","amount":"4767.330825","date":1511004924},{"trade_id":25964966,"type":"sell","quantity":"0.0036568","price":"25500","amount":"93.2484","date":1511004890},{"trade_id":25964943,"type":"sell","quantity":"0.00114383","price":"25500","amount":"29.167665","date":1511004875},{"trade_id":25964939,"type":"sell","quantity":"0.00163405","price":"25500","amount":"41.668275","date":1511004868},{"trade_id":25964934,"type":"sell","quantity":"0.00233435","price":"25500","amount":"59.525925","date":1511004861},{"trade_id":25964865,"type":"sell","quantity":"0.05483562","price":"25511.8245712","amount":"1398.95671769","date":1511004776},{"trade_id":25964840,"type":"sell","quantity":"0.00527369","price":"25550","amount":"134.7427795","date":1511004738},{"trade_id":25964839,"type":"sell","quantity":"0.04","price":"25550","amount":"1022","date":1511004738},{"trade_id":25964831,"type":"buy","quantity":"0.6907","price":"25668","amount":"17728.8876","date":1511004730},{"trade_id":25964410,"type":"sell","quantity":"0.7006","price":"25600","amount":"17935.36","date":1511003935},{"trade_id":25964133,"type":"sell","quantity":"0.05766179","price":"25601.1159572","amount":"1476.20617208","date":1511003600},{"trade_id":25964132,"type":"sell","quantity":"0.0028765","price":"25601.1159572","amount":"73.64161005","date":1511003600},{"trade_id":25964131,"type":"sell","quantity":"0.37463329","price":"25601.1159572","amount":"9591.03029871","date":1511003600},{"trade_id":25964130,"type":"sell","quantity":"0.04209098","price":"25601.1159572","amount":"1077.57605973","date":1511003600},{"trade_id":25964046,"type":"sell","quantity":"0.0125724","price":"25601.1159572","amount":"321.86747026","date":1511003490},{"trade_id":25963995,"type":"buy","quantity":"0.74368","price":"25737.9","amount":"19140.761472","date":1511003349},{"trade_id":25963959,"type":"sell","quantity":"0.05449194","price":"25690.7198631","amount":"1399.93716533","date":1511003280},{"trade_id":25963948,"type":"buy","quantity":"0.05420437","price":"25832.0444234","amount":"1400.20969378","date":1511003273},{"trade_id":25963947,"type":"sell","quantity":"0.05449892","price":"25690.7198631","amount":"1400.11648656","date":1511003260},{"trade_id":25963940,"type":"buy","quantity":"0.05422596","price":"25832.0444234","amount":"1400.76740762","date":1511003238},{"trade_id":25963911,"type":"sell","quantity":"0.05451087","price":"25690.7198631","amount":"1400.42349066","date":1511003185},{"trade_id":25963903,"type":"buy","quantity":"0.05422594","price":"25832.0444234","amount":"1400.76689098","date":1511003174},{"trade_id":25963892,"type":"sell","quantity":"0.05451214","price":"25690.7198631","amount":"1400.45611787","date":1511003135},{"trade_id":25963877,"type":"buy","quantity":"0.05420954","price":"25832.0444234","amount":"1400.34324545","date":1511003127},{"trade_id":25963866,"type":"sell","quantity":"0.05450613","price":"25690.7198631","amount":"1400.30171665","date":1511003096},{"trade_id":25963863,"type":"buy","quantity":"0.04539083","price":"25832.0444234","amount":"1172.53793697","date":1511003087},{"trade_id":25963845,"type":"buy","quantity":"0.00880069","price":"25832.0444234","amount":"227.33981503","date":1511003028},{"trade_id":25963803,"type":"sell","quantity":"0.05448673","price":"25690.7198631","amount":"1399.80331668","date":1511002954},{"trade_id":25963783,"type":"sell","quantity":"0.7502","price":"25717","amount":"19292.8934","date":1511002902},{"trade_id":25963736,"type":"buy","quantity":"0.05419161","price":"25832.0444234","amount":"1399.88007689","date":1511002856},{"trade_id":25963728,"type":"sell","quantity":"0.05448672","price":"25690.7198631","amount":"1399.80305977","date":1511002819},{"trade_id":25963725,"type":"buy","quantity":"0.05425585","price":"25832.0444234","amount":"1401.53952742","date":1511002808},{"trade_id":25963672,"type":"sell","quantity":"0.05448742","price":"25690.7198631","amount":"1399.82104328","date":1511002719},{"trade_id":25963671,"type":"buy","quantity":"0.01906708","price":"25900","amount":"493.837372","date":1511002718},{"trade_id":25963670,"type":"buy","quantity":"0.0026","price":"25900","amount":"67.34","date":1511002718},{"trade_id":25963667,"type":"buy","quantity":"0.19443117","price":"25876.06265572","amount":"5031.11313714","date":1511002713},{"trade_id":25963665,"type":"buy","quantity":"0.0529932","price":"25832.0444234","amount":"1368.92269653","date":1511002710},{"trade_id":25963661,"type":"buy","quantity":"0.05430998","price":"25741.9476068","amount":"1398.04465968","date":1511002702},{"trade_id":25963657,"type":"sell","quantity":"0.05466337","price":"25601.1159572","amount":"1399.44327398","date":1511002684},{"trade_id":25963651,"type":"buy","quantity":"0.05417017","price":"25741.9476068","amount":"1394.44567799","date":1511002658},{"trade_id":25963563,"type":"buy","quantity":"0.04626661","price":"25652.1650292","amount":"1186.83871506","date":1511002412},{"trade_id":25963560,"type":"buy","quantity":"0.00814991","price":"25652.1650292","amount":"209.06283629","date":1511002410},{"trade_id":25963524,"type":"sell","quantity":"0.05477688","price":"25511.8245712","amount":"1397.45815311","date":1511002376},{"trade_id":25963448,"type":"sell","quantity":"0.01917724","price":"25601.1159572","amount":"490.95874497","date":1511002198},{"trade_id":25963402,"type":"sell","quantity":"0.0354322","price":"25601.1159572","amount":"907.10386081","date":1511002147},{"trade_id":25963329,"type":"sell","quantity":"0.74","price":"25657","amount":"18986.18","date":1511002069},{"trade_id":25963267,"type":"buy","quantity":"0.0011","price":"25832.0444234","amount":"28.41524886","date":1511001972},{"trade_id":25963245,"type":"buy","quantity":"0.00551074","price":"25741.9476068","amount":"141.85718035","date":1511001926},{"trade_id":25963235,"type":"buy","quantity":"0.0180213","price":"25741.9476068","amount":"463.9033604","date":1511001919},{"trade_id":25963234,"type":"buy","quantity":"0.00043731","price":"25741.9476068","amount":"11.2572111","date":1511001919},{"trade_id":25963226,"type":"buy","quantity":"0.00305093","price":"25741.9476068","amount":"78.53688021","date":1511001908},{"trade_id":25963221,"type":"buy","quantity":"0.00149496","price":"25741.9476068","amount":"38.48318199","date":1511001906},{"trade_id":25963218,"type":"buy","quantity":"0.00213565","price":"25741.9476068","amount":"54.9757904","date":1511001901},{"trade_id":25963213,"type":"buy","quantity":"0.00305093","price":"25741.9476068","amount":"78.53688021","date":1511001894},{"trade_id":25963203,"type":"buy","quantity":"0.00206777","price":"25741.9476068","amount":"53.228427","date":1511001887},{"trade_id":25963201,"type":"buy","quantity":"0.00207283","price":"25741.9476068","amount":"53.35868125","date":1511001887},{"trade_id":25963187,"type":"buy","quantity":"0.01845861","price":"25741.9476068","amount":"475.16057151","date":1511001879},{"trade_id":25963183,"type":"buy","quantity":"0.00296119","price":"25741.9476068","amount":"76.22679783","date":1511001873},{"trade_id":25963179,"type":"buy","quantity":"0.01843158","price":"25741.9476068","amount":"474.46476667","date":1511001872},{"trade_id":25963159,"type":"sell","quantity":"0.05460059","price":"25601.1159572","amount":"1397.83603592","date":1511001848},{"trade_id":25963156,"type":"sell","quantity":"0.023","price":"25610","amount":"589.03","date":1511001839},{"trade_id":25963112,"type":"sell","quantity":"0.05444037","price":"25690.7198631","amount":"1398.61229491","date":1511001785},{"trade_id":25963108,"type":"buy","quantity":"0.01847015","price":"25876.0626557","amount":"477.93475866","date":1511001781},{"trade_id":25963085,"type":"buy","quantity":"0.02157875","price":"25876.0626557","amount":"558.37308703","date":1511001765},{"trade_id":25963079,"type":"buy","quantity":"0.01852976","price":"25876.0626557","amount":"479.47723075","date":1511001758},{"trade_id":25963016,"type":"sell","quantity":"0.00018436","price":"25876.0626557","amount":"4.77051091","date":1511001718},{"trade_id":25963006,"type":"buy","quantity":"0.01824722","price":"25832.0444234","amount":"471.36299764","date":1511001713},{"trade_id":25962973,"type":"buy","quantity":"0.01843158","price":"25832.0444234","amount":"476.12539335","date":1511001702},{"trade_id":25962964,"type":"sell","quantity":"0.04190569","price":"25831.72","amount":"1082.49605048","date":1511001697},{"trade_id":25962958,"type":"buy","quantity":"0.01815077","price":"25832.0444234","amount":"468.87149695","date":1511001695},{"trade_id":25962957,"type":"buy","quantity":"0.00028081","price":"25831.7861","amount":"7.25382385","date":1511001695},{"trade_id":25962948,"type":"buy","quantity":"0.00115789","price":"25831.7861","amount":"29.9103668","date":1511001682},{"trade_id":25962819,"type":"buy","quantity":"0.27493429","price":"25800","amount":"7093.304682","date":1511001461},{"trade_id":25962818,"type":"buy","quantity":"0.09980001","price":"25800","amount":"2574.840258","date":1511001461},{"trade_id":25962817,"type":"buy","quantity":"0.20666104","price":"25800","amount":"5331.854832","date":1511001461},{"trade_id":25962814,"type":"buy","quantity":"0.01699792","price":"25800","amount":"438.546336","date":1511001457},{"trade_id":25962813,"type":"buy","quantity":"0.01683892","price":"25800","amount":"434.444136","date":1511001456},{"trade_id":25962802,"type":"buy","quantity":"0.02325925","price":"25800","amount":"600.08865","date":1511001450},{"trade_id":25962799,"type":"buy","quantity":"0.01683892","price":"25800","amount":"434.444136","date":1511001448}],"ETH_BTC":[{"trade_id":25966634,"type":"sell","quantity":"0.0196","price":"0.0426005","amount":"0.00083496","date":1511006605},{"trade_id":25966580,"type":"sell","quantity":"17.6","price":"0.0426323","amount":"0.75032848","date":1511006600},{"trade_id":25966528,"type":"sell","quantity":"0.024","price":"0.0426526","amount":"0.00102366","date":1511006542},{"trade_id":25966462,"type":"sell","quantity":"0.02355","price":"0.042638","amount":"0.00100412","date":1511006471},{"trade_id":25966419,"type":"sell","quantity":"0.2576412","price":"0.04255047","amount":"0.01096275","date":1511006422},{"trade_id":25966413,"type":"sell","quantity":"0.38842972","price":"0.04255047","amount":"0.01652786","date":1511006417},{"trade_id":25966412,"type":"sell","quantity":"0.38904106","price":"0.04255047","amount":"0.01655387","date":1511006416},{"trade_id":25966402,"type":"sell","quantity":"0.70100875","price":"0.04255047","amount":"0.02982825","date":1511006411},{"trade_id":25966401,"type":"sell","quantity":"0.4992007","price":"0.04255047","amount":"0.02124122","date":1511006410},{"trade_id":25966400,"type":"sell","quantity":"0.08493329","price":"0.0425657","amount":"0.00361524","date":1511006410},{"trade_id":25966399,"type":"sell","quantity":"0.01173682","price":"0.04260096","amount":"0.00049999","date":1511006410},{"trade_id":25966398,"type":"sell","quantity":"0.01176184","price":"0.04260182","amount":"0.00050107","date":1511006410},{"trade_id":25966397,"type":"sell","quantity":"0.02780017","price":"0.04260938","amount":"0.00118454","date":1511006410},{"trade_id":25966396,"type":"sell","quantity":"0.06673983","price":"0.04260946","amount":"0.00284374","date":1511006410},{"trade_id":25966367,"type":"sell","quantity":"0.023","price":"0.0426615","amount":"0.00098121","date":1511006381},{"trade_id":25966353,"type":"sell","quantity":"0.00915466","price":"0.04260938","amount":"0.00039007","date":1511006347},{"trade_id":25966331,"type":"sell","quantity":"0.01837","price":"0.0426651","amount":"0.00078375","date":1511006291},{"trade_id":25966316,"type":"buy","quantity":"0.25983862","price":"0.04288961","amount":"0.01114437","date":1511006274},{"trade_id":25966315,"type":"buy","quantity":"0.00344901","price":"0.04288959","amount":"0.00014792","date":1511006274},{"trade_id":25966310,"type":"buy","quantity":"0.05121942","price":"0.04288959","amount":"0.00219677","date":1511006273},{"trade_id":25966306,"type":"buy","quantity":"0.08","price":"0.04288959","amount":"0.00343116","date":1511006272},{"trade_id":25966290,"type":"buy","quantity":"0.08","price":"0.04288961","amount":"0.00343116","date":1511006256},{"trade_id":25966250,"type":"sell","quantity":"12","price":"0.042687","amount":"0.512244","date":1511006221},{"trade_id":25966242,"type":"buy","quantity":"0.022","price":"0.0428592","amount":"0.0009429","date":1511006204},{"trade_id":25966169,"type":"buy","quantity":"0.020888","price":"0.042847","amount":"0.00089498","date":1511006114},{"trade_id":25966083,"type":"buy","quantity":"0.07108628","price":"0.04292963","amount":"0.0030517","date":1511006063},{"trade_id":25966081,"type":"buy","quantity":"0.10299303","price":"0.04292963","amount":"0.00442145","date":1511006063},{"trade_id":25965990,"type":"buy","quantity":"0.021","price":"0.042853","amount":"0.00089991","date":1511005986},{"trade_id":25965936,"type":"sell","quantity":"0.01777","price":"0.0427191","amount":"0.00075911","date":1511005889},{"trade_id":25965908,"type":"sell","quantity":"0.13340254","price":"0.04264133","amount":"0.00568846","date":1511005865},{"trade_id":25965904,"type":"sell","quantity":"0.1","price":"0.04264133","amount":"0.00426413","date":1511005863},{"trade_id":25965899,"type":"sell","quantity":"0.022","price":"0.04278","amount":"0.00094116","date":1511005851},{"trade_id":25965897,"type":"sell","quantity":"0.12307","price":"0.0426409","amount":"0.00524781","date":1511005840},{"trade_id":25965879,"type":"sell","quantity":"13.8","price":"0.0427447","amount":"0.58987686","date":1511005815},{"trade_id":25965856,"type":"sell","quantity":"0.02056075","price":"0.04264045","amount":"0.00087671","date":1511005754},{"trade_id":25965855,"type":"buy","quantity":"0.022","price":"0.0428544","amount":"0.00094279","date":1511005738},{"trade_id":25965819,"type":"buy","quantity":"0.020608","price":"0.042807","amount":"0.00088216","date":1511005670},{"trade_id":25965769,"type":"sell","quantity":"0.18214809","price":"0.04260982","amount":"0.00776129","date":1511005623},{"trade_id":25965768,"type":"sell","quantity":"0.23785191","price":"0.04264","amount":"0.010142","date":1511005623},{"trade_id":25965759,"type":"sell","quantity":"0.08","price":"0.04264","amount":"0.0034112","date":1511005613},{"trade_id":25965756,"type":"buy","quantity":"0.020958","price":"0.0428617","amount":"0.00089829","date":1511005603},{"trade_id":25965743,"type":"sell","quantity":"0.08","price":"0.04264","amount":"0.0034112","date":1511005593},{"trade_id":25965721,"type":"sell","quantity":"0.00214809","price":"0.04264","amount":"0.00009159","date":1511005582},{"trade_id":25965670,"type":"sell","quantity":"0.00998318","price":"0.04260938","amount":"0.00042537","date":1511005544},{"trade_id":25965669,"type":"sell","quantity":"0.01171335","price":"0.04268633","amount":"0.00049999","date":1511005544},{"trade_id":25965668,"type":"sell","quantity":"0.23411389","price":"0.04271468","amount":"0.01000009","date":1511005544},{"trade_id":25965667,"type":"sell","quantity":"0.04749246","price":"0.04271469","amount":"0.00202862","date":1511005544},{"trade_id":25965665,"type":"sell","quantity":"0.019","price":"0.0428674","amount":"0.00081448","date":1511005544},{"trade_id":25965663,"type":"sell","quantity":"0.02169653","price":"0.04275475","amount":"0.00092762","date":1511005542},{"trade_id":25965595,"type":"sell","quantity":"0.05064468","price":"0.04275477","amount":"0.0021653","date":1511005496},{"trade_id":25965573,"type":"buy","quantity":"0.023348","price":"0.0429553","amount":"0.00100292","date":1511005453},{"trade_id":25965553,"type":"sell","quantity":"0.0179761","price":"0.04287662","amount":"0.00077075","date":1511005429},{"trade_id":25965552,"type":"buy","quantity":"0.00131743","price":"0.043","amount":"0.00005664","date":1511005426},{"trade_id":25965543,"type":"sell","quantity":"0.1328962","price":"0.04287662","amount":"0.00569813","date":1511005424},{"trade_id":25965538,"type":"sell","quantity":"0.5","price":"0.04287662","amount":"0.02143831","date":1511005422},{"trade_id":25965536,"type":"sell","quantity":"0.47575901","price":"0.04286661","amount":"0.02039417","date":1511005419},{"trade_id":25965533,"type":"sell","quantity":"0.47404534","price":"0.04286661","amount":"0.02032071","date":1511005418},{"trade_id":25965528,"type":"sell","quantity":"0.70128423","price":"0.04286662","amount":"0.03006168","date":1511005413},{"trade_id":25965526,"type":"sell","quantity":"0.69875814","price":"0.04286662","amount":"0.02995339","date":1511005412},{"trade_id":25965501,"type":"sell","quantity":"0.07533068","price":"0.04286661","amount":"0.00322917","date":1511005399},{"trade_id":25965500,"type":"sell","quantity":"0.18085098","price":"0.04287656","amount":"0.00775426","date":1511005399},{"trade_id":25965484,"type":"sell","quantity":"0.25618166","price":"0.04287656","amount":"0.01098418","date":1511005392},{"trade_id":25965450,"type":"buy","quantity":"0.0222","price":"0.042943","amount":"0.00095333","date":1511005351},{"trade_id":25965445,"type":"sell","quantity":"0.25618166","price":"0.04287656","amount":"0.01098418","date":1511005346},{"trade_id":25965433,"type":"sell","quantity":"15.78","price":"0.042938","amount":"0.67756164","date":1511005329},{"trade_id":25965411,"type":"sell","quantity":"0.0188","price":"0.042915","amount":"0.0008068","date":1511005293},{"trade_id":25965407,"type":"buy","quantity":"0.00152458","price":"0.043","amount":"0.00006555","date":1511005284},{"trade_id":25965381,"type":"sell","quantity":"0.25697647","price":"0.04287656","amount":"0.01101826","date":1511005273},{"trade_id":25965360,"type":"sell","quantity":"0.2562115","price":"0.04286656","amount":"0.0109829","date":1511005267},{"trade_id":25965343,"type":"sell","quantity":"0.23328207","price":"0.04286656","amount":"0.00999999","date":1511005262},{"trade_id":25965339,"type":"sell","quantity":"0.02457303","price":"0.04287655","amount":"0.0010536","date":1511005261},{"trade_id":25965309,"type":"sell","quantity":"0.25618169","price":"0.04287655","amount":"0.01098418","date":1511005250},{"trade_id":25965305,"type":"sell","quantity":"0.25618169","price":"0.04287655","amount":"0.01098418","date":1511005244},{"trade_id":25965301,"type":"sell","quantity":"0.25618169","price":"0.04287655","amount":"0.01098418","date":1511005238},{"trade_id":25965296,"type":"sell","quantity":"0.25621153","price":"0.04286655","amount":"0.0109829","date":1511005229},{"trade_id":25965290,"type":"sell","quantity":"0.25635185","price":"0.04286655","amount":"0.01098891","date":1511005223},{"trade_id":25965286,"type":"buy","quantity":"0.0187","price":"0.042953","amount":"0.00080322","date":1511005222},{"trade_id":25965252,"type":"buy","quantity":"0.0161","price":"0.04293","amount":"0.00069117","date":1511005120},{"trade_id":25965207,"type":"buy","quantity":"0.83248618","price":"0.04284647","amount":"0.03566909","date":1511005066},{"trade_id":25965200,"type":"sell","quantity":"0.35751382","price":"0.04284647","amount":"0.0153182","date":1511005064},{"trade_id":25965147,"type":"buy","quantity":"0.02233","price":"0.042929","amount":"0.0009586","date":1511005022},{"trade_id":25965138,"type":"sell","quantity":"0.25630134","price":"0.04284647","amount":"0.0109816","date":1511005002},{"trade_id":25965134,"type":"sell","quantity":"0.25630134","price":"0.04284647","amount":"0.0109816","date":1511004997},{"trade_id":25965062,"type":"sell","quantity":"14.2","price":"0.042886","amount":"0.6089812","date":1511004965},{"trade_id":25965060,"type":"sell","quantity":"0.25633124","price":"0.04284647","amount":"0.01098288","date":1511004963},{"trade_id":25965041,"type":"sell","quantity":"0.32950722","price":"0.04283647","amount":"0.01411492","date":1511004956},{"trade_id":25965038,"type":"sell","quantity":"0.33186534","price":"0.04283647","amount":"0.01421593","date":1511004954},{"trade_id":25965026,"type":"sell","quantity":"0.25703748","price":"0.04283647","amount":"0.01101057","date":1511004925},{"trade_id":25964971,"type":"sell","quantity":"0.0202","price":"0.042855","amount":"0.00086567","date":1511004891},{"trade_id":25964881,"type":"buy","quantity":"0.00100362","price":"0.04297999","amount":"0.00004313","date":1511004815},{"trade_id":25964871,"type":"buy","quantity":"0.02379","price":"0.0429329","amount":"0.00102137","date":1511004806},{"trade_id":25964870,"type":"sell","quantity":"0.52204","price":"0.04280645","amount":"0.02234667","date":1511004800},{"trade_id":25964856,"type":"buy","quantity":"0.023","price":"0.042888","amount":"0.00098642","date":1511004761},{"trade_id":25964836,"type":"buy","quantity":"14","price":"0.0428941","amount":"0.6005174","date":1511004733},{"trade_id":25964814,"type":"sell","quantity":"0.11","price":"0.042776","amount":"0.00470536","date":1511004714},{"trade_id":25964803,"type":"sell","quantity":"0.02048","price":"0.0428557","amount":"0.00087768","date":1511004699},{"trade_id":25964764,"type":"sell","quantity":"0.03104287","price":"0.04275475","amount":"0.00132723","date":1511004634},{"trade_id":25964749,"type":"buy","quantity":"0.0169","price":"0.0429093","amount":"0.00072516","date":1511004599},{"trade_id":25964724,"type":"buy","quantity":"0.4256264","price":"0.04296999","amount":"0.01828916","date":1511004568},{"trade_id":25964699,"type":"sell","quantity":"0.07303502","price":"0.04279522","amount":"0.00312554","date":1511004563}],"ETH_LTC":[{"trade_id":25966666,"type":"sell","quantity":"0.0334155","price":"4.91","amount":"0.1640701","date":1511006630},{"trade_id":25966665,"type":"sell","quantity":"0.02578929","price":"4.91","amount":"0.12662541","date":1511006630},{"trade_id":25966664,"type":"sell","quantity":"0.00035746","price":"4.91","amount":"0.00175512","date":1511006630},{"trade_id":25966651,"type":"sell","quantity":"0.03037511","price":"4.91","amount":"0.14914179","date":1511006622},{"trade_id":25966502,"type":"buy","quantity":"0.78","price":"4.92835","amount":"3.844113","date":1511006518},{"trade_id":25966439,"type":"sell","quantity":"0.04695476","price":"4.91","amount":"0.23054787","date":1511006440},{"trade_id":25966391,"type":"sell","quantity":"0.00703763","price":"4.9325325","amount":"0.03471333","date":1511006409},{"trade_id":25966382,"type":"sell","quantity":"0.00494705","price":"4.9325325","amount":"0.02440148","date":1511006407},{"trade_id":25966314,"type":"sell","quantity":"0.78","price":"4.9334","amount":"3.848052","date":1511006274},{"trade_id":25966313,"type":"buy","quantity":"0.04633201","price":"4.935","amount":"0.22864846","date":1511006273},{"trade_id":25966297,"type":"buy","quantity":"0.04071848","price":"4.935","amount":"0.20094569","date":1511006267},{"trade_id":25966231,"type":"sell","quantity":"0.00511492","price":"4.9325325","amount":"0.0252295","date":1511006196},{"trade_id":25966227,"type":"sell","quantity":"0.00491032","price":"4.9325325","amount":"0.02422031","date":1511006195},{"trade_id":25966204,"type":"buy","quantity":"0.02020769","price":"4.935","amount":"0.09972495","date":1511006168},{"trade_id":25966196,"type":"buy","quantity":"0.00550237","price":"4.935","amount":"0.02715419","date":1511006166},{"trade_id":25966113,"type":"sell","quantity":"0.02337242","price":"4.9325325","amount":"0.11528522","date":1511006086},{"trade_id":25966101,"type":"sell","quantity":"0.02337242","price":"4.9325325","amount":"0.11528522","date":1511006078},{"trade_id":25966088,"type":"sell","quantity":"0.02337242","price":"4.9325325","amount":"0.11528522","date":1511006070},{"trade_id":25966077,"type":"buy","quantity":"0.00000001","price":"4.935","amount":"0.00000004","date":1511006062},{"trade_id":25966076,"type":"buy","quantity":"0.04580767","price":"4.935","amount":"0.22606085","date":1511006062},{"trade_id":25966071,"type":"buy","quantity":"0.03164099","price":"4.935","amount":"0.15614828","date":1511006061},{"trade_id":25965870,"type":"sell","quantity":"0.8952","price":"4.91225","amount":"4.3974462","date":1511005789},{"trade_id":25965672,"type":"buy","quantity":"0.81","price":"4.9194","amount":"3.984714","date":1511005545},{"trade_id":25965421,"type":"buy","quantity":"0.00101","price":"4.9404","amount":"0.0049898","date":1511005300},{"trade_id":25965399,"type":"sell","quantity":"0.03622369","price":"4.90000001","amount":"0.17749608","date":1511005280},{"trade_id":25965395,"type":"sell","quantity":"0.03474418","price":"4.91","amount":"0.17059392","date":1511005278},{"trade_id":25965394,"type":"sell","quantity":"0.01954013","price":"4.91","amount":"0.09594203","date":1511005278},{"trade_id":25965389,"type":"sell","quantity":"0.01618386","price":"4.91","amount":"0.07946275","date":1511005276},{"trade_id":25965382,"type":"sell","quantity":"0.00389803","price":"4.91","amount":"0.01913932","date":1511005274},{"trade_id":25965376,"type":"sell","quantity":"0.20728497","price":"4.91","amount":"1.0177692","date":1511005272},{"trade_id":25965375,"type":"sell","quantity":"0.00417806","price":"4.91","amount":"0.02051427","date":1511005272},{"trade_id":25965364,"type":"sell","quantity":"0.07541328","price":"4.91177467","amount":"0.37041303","date":1511005269},{"trade_id":25965276,"type":"buy","quantity":"0.97","price":"4.93623","amount":"4.7881431","date":1511005188},{"trade_id":25964945,"type":"buy","quantity":"0.03469948","price":"4.93879433","amount":"0.17137359","date":1511004876},{"trade_id":25964877,"type":"buy","quantity":"0.04030417","price":"4.93879433","amount":"0.199054","date":1511004813},{"trade_id":25964872,"type":"buy","quantity":"0.01463745","price":"4.935","amount":"0.07223581","date":1511004811},{"trade_id":25964799,"type":"buy","quantity":"0.01109007","price":"4.935","amount":"0.05472949","date":1511004692},{"trade_id":25964798,"type":"buy","quantity":"0.00890993","price":"4.935","amount":"0.0439705","date":1511004692},{"trade_id":25964678,"type":"sell","quantity":"0.947","price":"4.92035","amount":"4.65957145","date":1511004516},{"trade_id":25964516,"type":"buy","quantity":"0.18195523","price":"4.935","amount":"0.89794906","date":1511004091},{"trade_id":25964515,"type":"buy","quantity":"0.02113375","price":"4.935","amount":"0.10429505","date":1511004091},{"trade_id":25964514,"type":"buy","quantity":"0.04305951","price":"4.935","amount":"0.21249868","date":1511004091},{"trade_id":25964501,"type":"buy","quantity":"0.91","price":"4.92368","amount":"4.4805488","date":1511004067},{"trade_id":25964430,"type":"sell","quantity":"1","price":"4.9132","amount":"4.9132","date":1511003959},{"trade_id":25964107,"type":"buy","quantity":"0.831","price":"4.9251","amount":"4.0927581","date":1511003531},{"trade_id":25963942,"type":"sell","quantity":"1.03","price":"4.9044","amount":"5.051532","date":1511003245},{"trade_id":25963898,"type":"buy","quantity":"0.03603886","price":"4.93499999","amount":"0.17785177","date":1511003157},{"trade_id":25963620,"type":"sell","quantity":"0.81441","price":"4.91273","amount":"4.00097643","date":1511002595},{"trade_id":25963506,"type":"sell","quantity":"0.87","price":"4.91075","amount":"4.2723525","date":1511002368},{"trade_id":25963488,"type":"buy","quantity":"0.00416522","price":"4.935","amount":"0.02055536","date":1511002323},{"trade_id":25963281,"type":"buy","quantity":"0.778","price":"4.92748","amount":"3.83357944","date":1511001998},{"trade_id":25962880,"type":"sell","quantity":"0.911","price":"4.9115","amount":"4.4743765","date":1511001627},{"trade_id":25962474,"type":"sell","quantity":"0.19124765","price":"4.9","amount":"0.93711348","date":1511001015},{"trade_id":25962473,"type":"sell","quantity":"0.00903228","price":"4.91","amount":"0.04434849","date":1511001015},{"trade_id":25962194,"type":"sell","quantity":"0.863","price":"4.9173","amount":"4.2436299","date":1511000740}